3348 5584
317 870 489 952 Pompeius
517 870 583 934 tii.
613 881 644 933 et
670 869 755 953 prid.
786 869 862 935 Kal.
886 872 965 936 oet.
995 872 1034 933 de
1057 872 1257 949 Mithridate,

277 965 420 1049 Tigrane
439 963 571 1047 aliisque
595 965 726 1047 regibus
747 961 841 1028 victis
856 964 1045 1049 triumphum
1062 966 1140 1052 agit.
1177 968 1260 1034 Cae·

276 1080 329 1123 sar
351 1078 391 1123 ex
411 1070 558 1143 praetura
581 1055 767 1141 Hispaniam
790 1057 923 1121 obtinet.

74 1198 152 1271 694
186 1200 243 1273 60
278 1199 375 1266 Coss.
418 1204 461 1265 l..
484 1197 682 1293 Afranius,
709 1204 754 1285 Q.
776 1197 947 1265 Caecilius
967 1201 1132 1266 Metellus
1155 1206 1261 1271 Celer.
1296 1208 1349 1279 47

317 1320 418 1385 Initio
444 1320 523 1384 annl
553 1313 671 1385 Cicero
694 1318 819 1404 elieclt,
854 1336 897 1383 ne
926 1313 967 1398 Q.
990 1317 1086 1383 tratri
1114 1319 1150 1384 in
1176 1320 1261 1389 Asia

273 1413 519 1480 succederetur.
560 1412 601 1481 Ρ.
617 1411 754 1480 Clodius
769 1410 943 1478 Ciceronis
963 1412 1146 1479 ulciscendi
1159 1433 1261 1482 causa

273 1509 461 1574 tribunatus
485 1505 625 1592 cupidus
653 1508 882 1585 transitionem
903 1503 948 1571 ad
967 1506 1096 1590 plebem
1121 1509 1262 1574 molitur.

273 1597 390 1669 Cicero
409 1604 695 1667 commonitorium
709 1599 909 1666 conmodatus
925 1602 977 1664 sul
993 1602 1124 1686 scribit3
1146 1600 1188 1668 de
1199 1622 1273 1688 eo-¹

271 1693 344 1761 dem
356 1695 473 1761 librum
490 1694 621 1762 Graece
639 1694 797 1779 scriptum
816 1690 903 1775 edit3
925 1692 1066 1780 dentque
1084 1701 1202 1780 poema
1218 1694 1260 1763 de

272 1789 448 1855 consulatu
466 1788 573 1853 tribus
589 1789 683 1855 libris
696 1787 912 1853 conscribit.¹

314 1896 389 1958 Hoc
417 1915 500 1958 auno
533 1897 571 1957 ad
602 1895 695 1957 linem
726 1904 881 1978 vergente
911 1894 1087 1979 Pompeius
1120 1918 1191 1961 crim
1215 1896 1258 1964 C.

273 1989 356 2054 lulio
379 1986 518 2054 Caesare
540 1999 571 2050 et
583 1988 636 2051 M.
657 1985 782 2051 Licinio
812 1985 933 2054 Crasso
957 1991 1126 2055 coitionem
1148 1990 1237 2055 iacit.

71 2126 143 2199 695
183 2092 238 2201 bd
274 2128 372 2195 Coss.
415 2130 759 2221 c.1atnocaesar,
782 2129 1237 2213 mosomensibus..
1296 2141 1349 2208 48

196 2268 202 2289 ·
313 2242 432 2313 Cicero
449 2247 650 2335 legationem
665 2247 761 2313 sibia
777 2240 922 2312 Caesare
940 2248 1084 2313 oblatam
1095 2267 1260 2336 asperna-

273 2345 347 2427 tur,
368 2335 519 2426 idemque
538 2341 645 2408 laeum
663 2342 696 2405 in
709 2339 781 2405 XX
803 2338 893 2404 Viris
906 2358 992 2428 agro
1017 2334 1186 2426 Campano
1205 2343 1260 2409 ‹tt-

272 2434 417 2501 vidundo
442 2439 587 2500 recusat.
630 2431 727 2516 Quod
749 2427 875 2499 Caesar
903 2451 1007 2522 aegre
1036 2434 1150 2501 serena
1177 2432 1260 2503 Cio-

272 2530 374 2616 dium‚
397 2530 452 2615 qui
476 2548 514 2595 se
539 2527 577 2592 P.
593 2528 736 2593 Fonteio
757 2525 888 2609 plebeio
906 2524 1028 2591 homini
1048 2530 1081 2591 ln
1100 2529 1259 2615 adoptio·
1351 2606 1361 2623 .

272 2643 344 2689 nem
355 2621 505 2707 dederat,
525 2620 570 2687 ad
582 2622 711 2706 plebem
727 2618 901 2689 traducit.²
944 2622 1018 2687 Hoc
1029 2639 1117 2687 anno
1132 2619 1169 2690 C.
1181 2623 1259 2688 An-

271 2719 399 2804 tonius,
420 2720 499 2802 post
516 2713 656 2781 reditum
676 2734 695 2781 e
713 2718 887 2802 provincie
907 2719 1100 2798 accusatus,
1122 2712 1258 2783 acicu-

272 2830 352 2877 rone
370 2808 568 2876 detenditur.
611 2807 858 2876 condemnatus
882 2815 993 2876 tamen
1013 2810 1108 2877 exau
1132 2811 1258 2876 abilin

271 2902 515 2989 cephaleniam.
556 2902 683 2967 Postea
706 2899 824 2970 Cicero
842 2903 1016 2971 Thermum
1045 2903 1096 2969 bis
1109 2902 1259 2970 defendit

271 2999 462 3084 eiectique,
491 2999 527 3061 ut
550 2990 792 3073 absolveretur.
834 2994 965 3062 Deinde
987 2997 1171 3063 orationem
1194 2997 1258 3062 ba-

271 3092 340 3157 buit
359 3109 420 3176 pro
437 3088 481 3155 Ι..
512 3087 650 3155 Valerio
671 3088 803 3157 Flacco
821 3108 843 3156 a
860 3091 901 3156 Ι).
918 3090 1033 3156 Laelio
1050 3090 1258 3175 repetunda-

271 3205 340 3249 rum
353 3186 529 3269 aecusato,
550 3202 688 3269 eumque
708 3181 751 3250 de
770 3185 1048 3250 manifestissimis
1068 3185 1258 3251 criminibus

270 3278 335 3344 ioci
351 3279 602 3363 opportunitate
620 3280 752 3343 exemit.
978 3326 1004 3371 0

313 3381 445 3449 Caesari
467 3384 611 3460 consuli,
636 3384 805 3469 rogatione
826 3385 866 3449 P.
889 3382 1013 3448 Vatinii
1032 3383 1107 3447 trib.
1124 3385 1185 3466 pl.,
1209 3382 1258 3448 iu·

258 3479 339 3543 ¹vito
361 3491 489 3551 serrata,
514 3477 616 3543 Gallia
639 3476 769 3540 citerior
786 3499 857 3539 eum
877 3477 1009 3555 Illyrico
1032 3489 1063 3540 ct
1084 3479 1185 3541 tribus
1212 3479 1257 3542 le-
1293 3522 1300 3533 ·

270 3572 417 3656 gionihns
431 3573 463 3634 in
480 3569 723 3654 quiinqnenninm
745 3569 941 3646 decernitur,
977 3592 1043 3655 qrro
1061 3572 1149 3637 lacto
1164 3592 1254 3636 sena·

272 3677 320 3729 tus
343 3665 373 3727 ei
395 3664 529 3729 Galliam
555 3661 738 3727 irltariorem
763 3686 832 3727 earm
856 3665 914 3728 alia
934 3666 1063 3751 legione
1090 3666 1188 3730 addit.
1213 3668 1254 3732 Ρ.

272 3758 407 3823 Clodius
429 3757 567 3822 comitiis
590 3758 765 3821 tribuniciis
791 3759 869 3821 trib.
893 3761 939 3841 pl.
962 3759 1146 3845 designatur
1168 3782 1254 3824 erim·

274 3873 336 3935 qne
357 3851 549 3916 tribunatum
574 3851 637 3916 adit
655 3872 761 3915 mense
780 3853 964 3918 Decembri.

78 3990 148 4063 titii
185 4002 237 4067 58
271 3991 367 4058 Coss.
408 3995 450 4056 L.
474 3991 682 4075 Calpurnius
703 3994 785 4058 Piso
816 3996 1047 4073 Caesoninus,
1082 3998 1128 4062 A.
1152 3997 1255 4061 Gobi-
1293 4001 1346 4073 49

412 4106 503 4149 nius.

311 4200 448 4271 Clodius
476 4206 552 4271 trib.
577 4205 622 4290 pl.
641 4206 738 4295 leges
758 4206 834 4272 tulit
858 4204 890 4274 1.
907 4210 944 4271 ut
967 4208 1164 4274 frumentum
1191 4227 1256 4293 po-

271 4299 348 4383 pulo
369 4300 477 4387 graiis
506 4297 659 4385 dunelm,
692 4297 727 4365 2.
749 4318 792 4367 ne
814 4303 888 4387 quis
908 4321 969 4387 per
987 4321 1046 4368 eos
1068 4299 1153 4385 dies,
1181 4303 1257 4387 qui-

234 4394 238 4401 '
270 4393 330 4459 bus
348 4412 419 4458 cum
448 4393 572 4477 populo
599 4396 656 4483 agi
675 4396 807 4483 liceret,
839 4393 881 4462 de
907 4399 1001 4463 caelo
1021 4400 1194 4482 servaret,
1221 4393 1257 4461 3.

270 4485 311 4552 de
327 4488 477 4574 collegiis
506 4486 720 4554 restituendis
736 4491 898 4575 novisque
916 4488 1141 4577 instituendis,
1164 4488 1198 4554 4.
1215 4509 1256 4554 ne

270 4600 364 4666 quem
382 4599 540 4649 censores
563 4583 596 4645 in
618 4584 738 4647 serrata
758 4583 903 4671 legendo
926 4584 1148 4670 praeterirent
1169 4601 1256 4648 neve

269 4694 334 4760 qua
348 4676 529 4763 ignominia
543 4674 733 4757 adicerent,
755 4679 817 4741 nisi
830 4679 884 4763 qut
897 4676 985 4762 apud
1003 4695 1063 4742 eos
1078 4682 1257 4743 accusatus

271 4771 303 4833 et
338 4771 510 4855 utriusque
551 4773 700 4836 censoris
736 4773 904 4837 sententia
942 4770 1116 4837 damnatus
1155 4776 1255 4837 esset.

166 4858 255 4874 ‘'-
273 4858 1080 4963 misdi-{sam
1095 4889 1117 4942 1.
1139 4896 1182 4948 aa.
1202 4889 1253 4943 ct..
1272 4864 1364 4876 ''-

269 4958 372 5015 rituem
387 4963 425 5016 ιι.
442 4966 484 5021 19.
506 4964 555 5017 tx.
569 4968 596 5018 2.
