3322 5578
574 364 815 431 HISTORIA.
1300 370 1339 433 tt

63 513 168 576 autom
210 508 251 588 Q.
282 506 434 571 Scaevola
458 507 633 585 Pontifex,
667 527 744 583 sen,
778 517 814 570 nt
841 505 1011 589 Appisntis
1040 529 1111 573 enm
1134 508 1276 576 nominet
1298 511 1340 575 B.

62 601 115 666 Cir.
137 603 163 681 Ι,
187 602 256 679 88.,
290 596 441 679 Μούκιος
468 598 645 680 Σκαιόλας
667 598 686 667 ὁ
715 596 774 681 τὴν
798 602 952 684 μεγίστην
965 596 1145 688 Ῥωμαίοις
1167 597 1343 694 ἱερωσύνην

60 690 204 783 iussim,
223 695 248 759 is
269 707 333 770 est,
358 718 450 780 quem
472 717 569 779 snpra
592 695 752 769 eaosnlem
776 714 845 756 ciem
868 697 913 761 L.
932 694 1054 760 Crasso
1075 697 1174 761 fnisse
1196 717 1279 761 enno
1300 700 1342 761 sb

59 791 90 853 ll.
111 786 143 852 C.
169 786 361 854 DCLVIII.
390 789 594 875 scripsimus:
632 791 673 852 de
703 789 793 854 eitius
830 803 933 856 morte
970 791 1109 857 dicemus
1147 794 1187 856 sd
1225 812 1339 856 enesim
1445 792 1451 804 “

59 880 213 948 DCLXXI.

196 1192 309 1259 Anno
324 1142 422 1260 Urbis
431 1138 604 1262 DCLXVI.
618 1200 786 1264 Ciceronis
797 1196 882 1262 XX.
897 1216 983 1261 coss.
990 1197 1142 1279 suerunt
1203 1200 1207 1211 '

151 1333 221 1410 CN.
270 1332 547 1437 OCTAVIUS,
610 1340 655 1414 L.
707 1337 991 1417 CORNELIUS
1044 1334 1246 1415 (ΙΙΝΝΑ.Ι

117 1490 178 1554 Hoc
197 1512 279 1556 enno
301 1492 404 1559 Cinnn
426 1497 560 1573 consul,
593 1518 665 1560 etim
693 1495 889 1579 perniciosas
919 1496 1008 1576 leges
1041 1518 1100 1578 per
1128 1496 1192 1559 vim
1220 1497 1342 1572 ferret,

63 1582 156 1648 limes
180 1583 241 1650 Cu.
267 1588 407 1652 Oetsrio
431 1591 557 1676 collega
580 1591 689 1674 pulsus
719 1601 785 1654 est:
818 1588 931 1654 Lirins
960 1591 1017 1655 lib.
1043 1591 1209 1656 LXXIX.
1251 1593 1343 1657 Unde

65 1673 186 1742 Cicereio
208 1678 308 1745 Catil.
333 1682 398 1747 llI.
421 1704 494 1768 esp.
519 1687 570 1749 to.
613 1686 668 1749 Cn.
699 1686 859 1748 Octavius
886 1685 1010 1748 consul
1045 1688 1149 1748 armis
1181 1706 1226 1749 en
1257 1684 1346 1751 Urbe

62 1770 190 1853 collegam
209 1795 312 1839 sunm
335 1781 490 1859 expulit:
525 1780 633 1843 omnis
656 1777 712 1837 liic
737 1775 836 1838 loeus
862 1777 992 1839 acervis
1017 1795 1204 1856 corporum
1236 1784 1269 1839 et
1296 1777 1346 1838 ci-

59 1861 293 1943 eimrsonguine
316 1866 527 1933 redundavit.
578 1870 693 1952 Atqne'
710 1864 751 1928 ite
774 1865 892 1929 bellum
916 1866 1126 1930 Octavianum
1149 1876 1343 1929 commotum
1462 1881 1467 1891 ·

58 1961 104 2013 nt:
121 1953 194 2016 mins
214 1955 356 2021 meminit
379 1957 497 2025 Cicero
520 1963 577 2027 lib.
600 1958 631 2027 I.
655 1962 694 2023 de
717 1958 827 2024 Diria.
856 1981 927 2042 esp.
952 1960 984 2023 2.
1009 1972 1041 2022 et
1062 1960 1120 2024 lib.
1144 1959 1193 2025 11.
1216 1980 1288 2043 esp.
1310 1958 1343 2024 5.

59 2046 196 2111 dellsturs
215 2049 377 2116 Deorum.
422 2057 531 2133 Tum,
559 2057 679 2143 inqmt,
703 2054 812 2119 stellis
833 2056 893 2132 iis,
921 2074 1008 2135 quas
1032 2054 1156 2119 Graeci
1182 2064 1342 2130 cometas,

58 2142 134 2205 metri
150 2140 267 2207 minitas
299 2157 445 2226 cocant,
467 2171 558 2232 quae
581 2169 689 2230 nuper
717 2144 807 2208 dello
829 2145 1246 2227 octavianomngnarnm
1260 2149 1345 2229 fue·

14 2274 16 2337 ὲ
59 2242 113 2294 rna
130 2236 364 2300 calamitatum
383 2244 618 2318 praenuntiae.
656 2238 740 2301 Vide
765 2233 903 2298 Plinium
926 2236 983 2297 lib.
1008 2236 1056 2298 II.
1079 2257 1150 2319 esp.
1173 2238 1225 2302 ts.
1269 2239 1345 2302 Dis-

58 2321 173 2389 srsrionis
191 2327 272 2391 iuter
298 2328 468 2393 Octavium
492 2343 524 2393 et
547 2331 680 2397 Cinnam
711 2327 849 2392 meminit
872 2328 991 2392 Cicero
1021 2330 1113 2392 etism
1136 2335 1175 2394 de
1197 2332 1346 2414 haruspi-

14 2468 15 2473 ,
59 2434 107 2518 mu
122 2440 193 2504 resp.
214 2445 290 2506 esp.
315 2422 369 2486 25.
414 2422 517 2487 Cinna
533 2427 622 2490 Urbe
645 2428 773 2510 ptilsns,
798 2434 985 2504 eorrerptmn
1002 2425 1093 2504 App.
1111 2422 1348 2504 Clnndiiexer·

14 2942 16 2957 l

14 3012 17 3155 l

62 2522 125 2573 tiu·
146 2515 171 2579 in
196 2529 392 2600 potestatem
421 2540 508 2581 snam
537 2521 679 2608 redegit,
715 2529 748 2581 nt
777 2516 890 2579 Livius
919 2516 976 2579 lib.
1008 2518 1175 2580 LXXIX.
1205 2516 1346 2601 scripsit.
1469 2588 1474 2592 ,

67 2604 126 2686 dtr·
143 2608 291 2689 Claudio,
326 2615 369 2677 P.
406 2610 512 2677 Clodii
541 2617 644 2698 petri,
678 2610 845 2695 inmeritum
876 2611 937 2674 liae
976 2623 1122 2694 tempore
1154 2612 1346 2697 abrogatum

64 2694 128 2762 ftt'ttt
149 2702 260 2771 Cicero
296 2728 358 2789 pro
395 2709 491 2771 domo
528 2730 602 2793 esp.
632 2709 684 2773 31.
712 2707 766 2773 sit.
821 2708 904 2768 'l'mn
941 2703 1070 2769 Marius
1106 2726 1178 2769 cnm
1215 2704 1347 2795 reliquis

62 2793 178 2862 semitm
207 2822 248 2864 ex
289 2801 402 2865 Africa
435 2805 622 2880 arcessitus,
657 2824 726 2865 etim
762 2801 791 2864 in
823 2802 932 2864 urbem
962 2798 1084 2881 recepti
1118 2811 1243 2875 essent,
1278 2822 1347 2864 cam

60 2886 119 2949 relnt
134 2905 244 2977 ceptam
268 2894 421 2959 caedibus
444 2909 475 2959 et
499 2898 617 2979 rapinis
642 2907 822 2959 vastarunt:
856 2916 918 2977 qius
942 2895 980 2958 de
1003 2915 1039 2956 re
1063 2894 1202 2959 Orosius
1224 2896 1280 2962 lib.
1302 2897 1347 2962 V.

58 2999 106 3063 etp.
124 2986 165 3052 tc.
183 3001 215 3051 et
235 2986 357 3076 egossin
379 3010 449 3054 enm
473 2992 589 3056 locum.
643 2991 730 3055 Hinc
753 2988 870 3054 Cicero
893 2998 968 3070 post
990 2990 1061 3052 red.
1085 2990 1115 3051 in
1138 3002 1251 3055 senatu
1272 3013 1347 3075 cap.

59 3075 94 3137 li.
112 3079 159 3158 sit,
199 3082 240 3149 C.
276 3084 419 3148 Merinm
451 3085 554 3149 reditu
584 3107 643 3149 suo
681 3096 824 3150 senatum
863 3094 1008 3145 etinctum
1037 3104 1138 3165 paene
1173 3086 1345 3151 delenisse.

59 3168 114 3232 Ten
139 3176 175 3257 Q.
197 3161 354 3255 Catulus,
387 3178 441 3245 M.
471 3178 654 3255 Antonius,
686 3174 729 3244 C.
759 3177 877 3263 Icilius,
909 3174 1005 3239 trium
1034 3190 1168 3243 aetatum
1199 3192 1349 3245 oratores

59 3268 434 3341 parmenianistae
456 3274 634 3339 interlecti:
671 3272 789 3337 Cicero
816 3270 847 3334 in
872 3272 976 3334 Bruto
998 3292 1070 3355 esp.
1093 3275 1147 3338 89.
1206 3277 1250 3338 Et
1271 3276 1349 3339 Mn-

58 3354 225 3448 drentem
248 3367 433 3434 Cimbricae
462 3367 617 3432 victorine
645 3367 779 3452 gloriam
809 3388 878 3430 enm
909 3365 1036 3449 college
1060 3365 1178 3433 Cntsrlc
1202 3390 1346 3433 commn-

58 3450 157 3520 dnm:
186 3475 301 3544 postea
331 3484 410 3526 vero
440 3460 526 3524 eivili
556 3451 644 3526 bello'
673 3462 777 3525 victor
806 3462 920 3536 irntns,
957 3462 1143 3526 necessariis
1173 3464 1215 3544 Q.
1238 3463 1347 3528 Catuli

57 3543 258 3626 manium
283 3580 346 3621 nou
369 3558 465 3621 semel
488 3557 673 3638 respondit,
698 3554 884 3639 Moriatur.
935 3556 1021 3617 Idem
1046 3557 1180 3620 'l'nscnl.
1205 3560 1251 3621 V.
1275 3579 1348 3639 esp.

58 3638 415 3715 stercoremus.
445 3673 515 3733 cup.
539 3650 590 3713 32.
624 3654 662 3714 de
685 3652 808 3713 Netum
831 3647 998 3712 Deorum:
1032 3650 1097 3712 Cur
1123 3658 1175 3713 tot
1199 3653 1346 3713 civitatis

87 3730 126 3755 '⁹
207 3766 232 3808 a
253 3747 360 3808 Cinna
386 3745 599 3825 interempti?
628 3765 691 3807 cur
712 3732 863 3805 omnium
887 3740 1184 3821 perfidiosissimus
1210 3742 1242 3804 C.
1268 3740 1347 3803 Ma·

60 3826 106 3893 ’Β
141 3836 330 3900 .Cutalam
348 3836 639 3917 praestantissima
658 3832 823 3915 dignitate
842 3835 949 3895 cirum
968 3834 1058 3894 mori
1076 3832 1190 3911 potuit
1209 3829 1348 3894 derdere?

14 3966 15 3969 =
60 3908 220 4019 distem
240 3927 276 3992 iu
299 3927 335 3992 iis
358 3927 434 4010 ipsis
448 3926 595 4002 Rostris,
618 3923 651 3988 in
674 3923 787 4007 uiribus
810 3921 862 3986 ille
885 3944 952 3985 rein
974 3923 1133 4005 publicum
1156 3921 1347 3985 constantis-

58 4026 109 4075 Μ
123 4022 225 4084 consul
248 4023 452 4095 defenderet,
486 4042 630 4105 quiesque
652 4015 767 4081 censor
789 4015 1002 4098 imperatoriis
1026 4014 1179 4080 menerbiis
1202 4027 1345 4090 ornaret,

54 4107 155 4183 ΝΜ
175 4128 270 4199 capnt
293 4102 370 4178 illud
392 4114 469 4191 tuit,
493 4136 520 4175 ‘n
545 4135 610 4199 qno
633 4125 722 4175 erunt
751 4110 921 4174 attritorum
946 4108 1062 4173 ciuium
1085 4108 1189 4191 capita
1211 4128 1345 4171 conser-
1463 4184 1465 4189 ⁴

54 4213 118 4269 tetes
135 4207 186 4274 tit.
208 4212 275 4275 lII.
296 4232 368 4293 esp.
388 4209 422 4272 3.
447 4212 486 4272 de
510 4210 602 4274 Orat.
626 4218 661 4288 et
681 4205 815 4270 Tirsctsl.
838 4204 885 4265 V.
911 4224 983 4285 cap.
1009 4207 1060 4267 10.
1104 4203 1207 4265 Cinna
1235 4201 1348 4267 colle·

53 4311 100 4368 itt
119 4304 168 4365 sni
187 4306 341 4369 consulis
374 4306 430 4367 Cn.
462 4303 599 4366 (letarii
627 4299 784 4380 praecidi
817 4306 926 4378 caput
950 4298 1067 4377 iussit,
1088 4298 1121 4358 P.
1150 4293 1276 4371 Crassi,
1309 4291 1344 4353 L·

14 4400 15 4407 ’
55 4380 187 4474 dante,
209 4394 499 4457 nobilissimorum
521 4393 714 4462 leontinum,
736 4408 883 4471 quornm
906 4388 1008 4448 virtus
1024 4386 1150 4466 fuerat
1171 4384 1265 4446 domi
1285 4382 1347 4444 mi-

55 4469 179 4564 Vlttpne
196 4487 352 4567 cognita,
374 4483 427 4548 M.
442 4479 577 4546 Antonii
593 4483 745 4542 omnium
759 4477 1035 4563 eloquentissimi,
1059 4494 1146 4557 quos
1164 4469 1343 4540 audierim,

14 4620 15 4653 3
57 4561 78 4624 C.
92 4566 243 4653 Caesaris,
265 4579 299 4638 in
324 4595 393 4658 qno
415 4574 501 4635 milti
518 4570 774 4653 ridetursuisse
792 4568 962 4648 specimen
985 4564 1225 4635 humanitatis,
1248 4556 1344 4645 salis,

14 4696 15 4751 ι
56 4661 214 4741 mititatis,
243 4665 383 4748 leporis.
436 4664 486 4727 De
514 4661 563 4724 his
593 4661 739 4726 omnibus
774 4658 844 4721 vide
876 4655 1076 4739 prooemium
1112 4653 1168 4717 lib.
1201 4649 1269 4713 111.
1302 4644 1342 4707 de

57 4742 124 4815 ⁰¹³¹·
161 4754 208 4819 De
229 4758 271 4822 Ρ.
294 4756 419 4824 Crasso
441 4756 559 4822 Cicero
581 4777 642 4838 pro
665 4752 790 4829 Sestio,
824 4772 897 4832 cap.
926 4749 980 4810 21.
1036 4747 1074 4809 In
1097 4765 1174 4829 ¹qim
1205 4741 1343 4805 civitate

57 4835 108 4913 litt
132 4851 344 4915 meminissem
372 4860 506 4933 patrem
535 4851 637 4915 nutus
664 4848 716 4913 M:
741 4846 868 4920 Crassi,
881 4840 1117 4923 fortissimam
1138 4834 1268 4904 uirum,
1300 4849 1342 4893 ne

57 4927 150 4998 'limi
169 4941 328 5007 rictorem
351 4942 444 5008 siras
475 4942 675 5020 inimicum,
704 4935 823 5003 eadem
848 4930 913 4994 snt
934 4947 1039 4994 mann
1070 4926 1176 4989 ritum
1207 4917 1341 4983 endan·

132 5048 248 5105 θιοωῑ.
267 5058 320 5109 cie.
339 5057 360 5104 t.
1072 5016 1092 5080 2
