3332 5588
238 322 302 388 tu
759 320 803 391 e.
831 318 1051 416 ranzanus

236 474 410 548 apparent,
435 472 529 548 atque
550 460 599 528 bis
621 464 770 529 Muretus
793 467 947 552 quaedam
968 474 1135 549 praeterea
1156 461 1303 546 reponit3
1334 473 1371 542 ut
1391 484 1470 550 pag.
1497 460 1584 530 315.

237 580 310 622 etim
338 558 596 640 reprehendisset
623 557 810 623 Perionium
839 559 1033 637 Lambinus,
1063 560 1151 643 quod
1180 558 1331 633 dixissem
1362 563 1497 620 susanet
1520 581 1585 620 aa·

238 656 318 731 aare,
343 651 505 714 scribens:
529 648 589 713 icoc
611 647 759 739 loquendi
775 674 877 738 genus
897 653 1045 717 Latinum
1064 672 1134 713 esse
1153 672 1218 713 non
1234 662 1326 736 puto,
1349 648 1464 712 nechim
1489 649 1587 714 Cebe-

238 749 422 824 romanum3
449 767 544 809 manu
566 746 692 810 Mureti
721 748 874 830 seriptum
896 745 1078 812 iuvenitur:
1111 742 1300 831 Quintiltbni
1318 756 1367 807 cst
1385 755 1419 807 et
1440 741 1533 807 Celsi
1553 755 1590 805 et

159 874 166 883 ,
237 838 341 903 Plinii
359 852 393 901 et
414 837 522 904 ovida
541 851 573 903 et
591 839 750 921 Suetonii,
781 840 840 904 alis
863 862 958 904 mauu
982 861 1078 918 vero,
1112 839 1145 901 in
1166 859 1229 924 quo
1251 838 1441 905 Lembiuum
1464 837 1587 900 videre

235 933 314 997 mibi
335 934 469 998 videone
491 931 568 1022 quid
580 944 643 996 tum
652 944 787 1019 postea,
809 931 956 998 Muretet'
977 932 1069 1010 hinc,
1091 933 1217 998 Mureti
1231 944 1318 997 eerte
1331 954 1443 998 manus
1467 931 1587 1020 Sequi·

238 1038 304 1108 tur,
325 1032 386 1090 etsi
408 1025 645 1090 Ciceroniamun
665 1048 729 1089 noa
749 1037 814 1109 est,
836 1026 983 1091 &tinum
1004 1039 1109 1091 menen
1129 1048 1217 1109 esse,
1234 1024 1336 1116 ·quod
1353 1036 1386 1090 tu
1406 1036 1505 1088 antea
1527 1046 1587 1089 ne·

236 1141 381 1205 gaveras.

257 1240 260 1255 ¹
324 1218 356 1281 5.
402 1216 500 1299 Auno
522 1217 619 1281 1559.
642 1238 714 1280 eum
734 1216 845 1282 Lucae
867 1228 951 1281 esset
971 1214 1169 1292 Lambinus,
1200 1216 1353 1281 credebat
1373 1213 1469 1278 breri
1487 1215 1584 1291 sore,

237 1319 274 1371 ut
305 1312 441 1374 Romam
474 1333 545 1374 euin
575 1309 742 1376 cardinali
771 1310 1050 1394 proficiscen-etun
1077 1321 1253 1397 propterea
1282 1306 1383 1397 quod,
1424 1309 1493 1387 ait,
1530 1306 1586 1373 iic

238 1401 393 1487 Pantyene
413 1426 497 1494 aqua
518 1409 735 1487 intercutem,
766 1402 873 1469 morio
902 1401 1072 1467 insanabili
1091 1406 1282 1491 praesertim
1307 1406 1340 1465 in
1360 1423 1456 1483 serie,
1491 1402 1586 1488 affli-

240 1508 307 1557 caes
322 1508 361 1559 ‘et
373 1517 480 1587 paene
501 1498 678 1584 coeffectus,
701 1496 797 1562 nudis
817 1497 1053 1563 medicamentis
1072 1502 1209 1561 excitari
1226 1518 1285 1560 nec
1301 1501 1441 1559 recreari
1448 1508 1586 1582 potest.-

240 1594 328 1674 quod
351 1615 462 1656 verum
484 1592 563 1668 suit;
590 1594 726 1658 decessit
748 1593 832 1658 enim
853 1596 974 1659 Paulus
996 1595 1063 1659 lv.
1088 1595 1199 1658 eodem
1223 1610 1307 1656 enno
1328 1592 1412 1655 XV.
1435 1591 1585 1655 Kalend.

243 1688 445 1768 Septeinbn„
479 1699 514 1750 ut
540 1687 690 1752 diximus.
741 1689 818 1753 Hoc
850 1708 981 1774 quiaque
1007 1686 1183 1751 Lambinus
1214 1684 1249 1749 in
1277 1684 1482 1768 praefatione
1512 1685 1586 1750 sive

242 1781 381 1863 epistola
401 1783 455 1845 itta
478 1785 518 1845 ed
540 1780 740 1846 cardinalem
764 1780 966 1847 Tus-nonium
986 1781 1104 1860 tradit,
1134 1791 1305 1866 postquem
1328 1782 1369 1844 ed
1389 1784 1491 1864 aquas
1514 1781 1588 1843 Lu·

242 1895 354 1936 censes
375 1876 502 1938 venisse
531 1897 603 1939 eum
632 1873 729 1939 dixit:
761 1870 866 1957 „Ubi,
894 1873 1014 1962 inquit,
1044 1895 1115 1938 cum
1134 1870 1175 1935 de
1195 1871 1361 1958 Pontffieis
1379 1872 1474 1937 Mna.
1498 1870 1588 1936 obitu

242 1969 357 2028 certior
365 1965 480 2052 dactus
499 1989 586 2031 esses
592 2014 602 2049 ,
628 1963 741 2057 tibiatis
762 1972 933 2049 instarent,
955 1989 1020 2031 non
1040 1965 1141 2030 sabens
1163 1971 1224 2045 tui,
1248 1988 1352 2028 verum
1373 1972 1470 2030 etiam
1483 1964 1590 2029 ale'eni

198 2081 203 2113 ι
242 2070 277 2122 ct
295 2071 398 2123 tamen
420 2066 467 2124 tui
485 2066 711 2144 cruentissimi,
735 2074 770 2126 ut
788 2061 922 2127 Romam
942 2060 989 2124 ad
1010 2060 1144 2124 Comitia
1161 2059 1331 2145 Pontfficm
1352 2065 1435 2123 asaei
1453 2073 1588 2123 conten·

243 2152 336 2216 dercs
365 2155 459 2239 (nam
488 2169 518 2220 te
546 2167 631 2219 terra
657 2161 720 2221 iter
734 2154 852 2243 sacena
878 2154 1012 2222 adversa
1040 2167 1094 2218 tua
1122 2153 1264 2220 ealeasdo
1287 2151 1498 2242 prohibebas)
1529 2160 1587 2219 νιὶτ

243 2247 370 2312 tandem
392 2254 621 2335 pervicerunt.
646 2296 654 2314 .
678 2298 687 2314 .
711 2294 720 2315 .
772 2249 819 2314 Te
846 2268 976 2314 suasore
1003 2261 1096 2339 utque
1116 2246 1198 2311 adea
1218 2259 1363 2327 mutare,
1393 2253 1441 2310 cii·
1460 2251 1586 2310 catinia

243 2345 371 2423 uirmtc,
401 2341 560 2426 doctrina,
590 2366 711 2408 monim
732 2346 927 2432 integritate,
957 2342 1039 2409 vitae
1058 2341 1210 2429 reiigione
1231 2346 1467 2423 onmbssimus,
1501 2344 1585 2406 Pius

242 2433 308 2498 IV.
339 2434 481 2501 omm'bue
508 2444 646 2503 omnium
677 2437 893 2502 Catulinalium
919 2436 1088 2524 suffragiis
1107 2434 1262 2522 Pontifex
1280 2435 1374 2499 Max.
1401 2434 1585 2502 &alumna

244 2538 301 2592 cst.
348 2527 408 2592 Cui
427 2529 505 2619 quid
522 2554 582 2619 ego
602 2548 688 2595 nunc
705 2530 809 2595 dicam
830 2553 924 2622 quam
944 2552 1037 2594 carus
1056 2531 1127 2594 sis?
1154 2534 1264 2620 quinti
1284 2542 1314 2594 tc
1334 2527 1388 2593 ille
1408 2542 1441 2592 et
1458 2530 1584 2596 Romae

237 2635 439 2706 praesentem
450 2622 573 2711 fiecerit
591 2639 625 2690 et
642 2649 724 2691 nunc
743 2623 902 2693 absentem
913 2625 1049 2711 faciat?
1072 2672 1080 2688 .
1103 2670 1112 2689 .
1135 2672 1143 2688 .
1169 2672 1177 2688 .
1219 2623 1333 2713 Neque
1354 2647 1426 2690 cern
1448 2623 1505 2688 itte
1528 2650 1585 2690 isa·

244 2737 338 2803 quam
358 2716 478 2781 adduci
490 2725 664 2806 puniisset,
688 2733 724 2784 ut
742 2733 772 2783 te
792 2741 814 2782 a
834 2741 870 2783 se
890 2716 1074 2800 dimitteret,
1102 2721 1167 2781 nat
1186 2715 1322 2783 tristibm
1343 2723 1442 2811 nisque
1464 2717 1585 2784 crebra

244 2830 264 2870 e
287 2806 395 2873 Gallia
420 2810 528 2877 allani
555 2812 602 2878 ad
625 2836 660 2878 se
687 2813 728 2878 de
755 2812 908 2901 religione
935 2811 1048 2877 litteris
1073 2834 1114 2876 ac
1140 2816 1263 2875 nunciis
1288 2825 1478 2896 commones,
1513 2834 1584 2877 aim

245 2914 374 2988 cuperet
386 2904 619 2989 florentissimo
641 2913 922 2997 potentissimoque
949 2927 1047 2993 regno
1070 2928 1136 2993 pro
1164 2927 1221 2969 seeo
1243 2919 1381 2994 patemo
1410 2912 1443 2970 in
1473 2928 1585 2970 causes

248 2993 573 3064 Christianosamore
594 2999 773 3083 consulere,
797 3013 826 3065 te
848 3022 941 3065 ustum
963 2998 1009 3063 ud
1026 3018 1082 3063 eas
1096 3010 1210 3088 partes
1230 3005 1427 3087 aptissimum
1447 3023 1522 3065 esse
1538 3006 1584 3064 iu-

188 3120 191 3125 ·
243 3084 402 3171 dicassetj
427 3115 497 3157 eum
520 3101 711 3181 praesertim
732 3095 805 3161 Res:
831 3099 901 3182 ipse
922 3092 1111 3161 Frarscsscits
1130 3093 1176 3159 H.
1205 3107 1240 3159 ct
1266 3107 1368 3157 mater
1391 3088 1583 3157 considarii·

229 3207 304 3273 ,que
320 3184 419 3272 Regis
440 3199 469 3250 te
489 3187 681 3278 quotidianis
701 3190 812 3255 litteris
831 3188 879 3254 ad
896 3211 931 3252 se
939 3190 1143 3278 flagitarent,
1166 3211 1295 3279 eamque
1316 3185 1355 3251 ob
1375 3210 1507 3250 cainam
1531 3193 1586 3250 tri·

246 3298 348 3340 remes
368 3278 432 3342 IV.
456 3286 490 3345 in
505 3295 635 3370 parbem
660 3283 854 3364 Ostiensem,
878 3289 1000 3370 partim
1029 3280 1104 3346 veiis
1129 3294 1316 3369 provectae,
1343 3286 1466 3367 partim
1488 3288 1586 3345 nmis

246 3370 402 3456 impulsae
430 3388 553 3456 essent5
580 3398 711 3465 quaram
738 3388 829 3441 emat
854 3374 937 3463 duae
965 3380 1072 3463 regiae
1092 3388 1226 3462 eportu
1245 3373 1443 3439 Massiliensi
1469 3375 1585 3461 pruse-

247 3476 337 3544 ctae;
357 3463 546 3555 reliquarum
568 3467 700 3533 duarum
720 3468 822 3533 altera
842 3492 865 3534 a
889 3469 1002 3534 Corma
1022 3466 1204 3531 Florentiae
1225 3465 1353 3555 regulo,
1375 3465 1479 3530 altem
1497 3491 1521 3529 a
1542 3472 1586 3531 ci·

247 3564 340 3622 vitute
364 3557 524 3624 Genueasi
542 3575 655 3650 rogatu
675 3569 761 3652 regis
781 3576 851 3628 erat
869 3568 976 3627 musa.
1010 3558 1062 3627 Ita
1083 3572 1114 3624 tc
1134 3560 1287 3642 Pontifex
1306 3558 1400 3625 Mae.
1423 3560 1505 3624 Pius
1519 3560 1586 3626 Μ

247 3677 269 3716 a
296 3676 330 3717 se
358 3653 519 3717 discedere
547 3668 639 3746 atque
668 3663 701 3721 in
732 3655 872 3722 Gaiana
898 3661 1012 3722 reverti
1031 3677 1152 3744 passus
1179 3651 1258 3717 cst.”
1322 3657 1488 3737 Tempus,
1519 3678 1587 3738 qino

247 3749 343 3812 rediit
363 3748 396 3812 in
420 3750 555 3814 Galliam
578 3753 782 3830 Turnonius‚
816 3753 896 3816 idern
923 3752 1031 3833 paullo
1060 3750 1206 3833 nuperius
1227 3747 1443 3834 significavit:
1480 3748 1590 3835 „Quae

244 3841 314 3927 fuit
338 3862 442 3927 nuper
467 3855 537 3906 truse
563 3848 596 3906 ia
626 3842 766 3909 Galliam
793 3866 837 3907 ea
856 3842 953 3907 Italia
977 3842 1120 3907 reditus?
1141 3891 1150 3906 .
1174 3890 1181 3906 .
1206 3889 1214 3906 .
1239 3890 1246 3905 .
1274 3863 1335 3930 quo
1358 3854 1389 3904 te
1409 3838 1496 3907 culae
1515 3843 1590 3905 Res

249 3933 439 3998 Franczscus
460 3930 504 4000 ΙΙ.
521 3942 639 4023 paucis
659 3952 825 4028 antequam
846 3936 929 4001 diem
950 3959 1039 4000 suum
1061 3935 1162 4000 obiret
1179 3933 1304 4020 debus,
1328 3958 1388 4025 quo
1413 3935 1588 3999 Catianisa

247 4026 396 4092 Medicea
414 4042 516 4093 mater
529 4036 597 4094 eius
614 4026 793 4119 excepit?''
832 4034 922 4098 Obiit
935 4032 1126 4098 Franciseus
1144 4030 1194 4097 ΙΙ.
1210 4034 1300 4097 Non.
1316 4032 1492 4096 Decembr.
1503 4030 1587 4112 *anni

251 4123 347 4185 1550.
391 4124 532 4190 Videtur
558 4148 639 4212 ergo
667 4139 817 4191 autumno
847 4127 986 4190 eiusdem
1009 4127 1081 4190 unni
1109 4147 1151 4189 ex
1172 4125 1264 4189 Italia
1287 4126 1319 4189 in
1342 4125 1477 4190 Gallieni
1501 4123 1587 4189 redi·

248 4216 312 4278 isse
335 4218 522 4283 Turnonius
545 4230 577 4283 et
599 4241 668 4283 cum
693 4220 862 4287 Turnonio
878 4220 1065 4283 Lambinus.
1103 4218 1257 4305 Lugduni
1278 4229 1383 4282 tamen
1403 4217 1585 4282 substitisse

251 4329 397 4395 magnam
419 4326 544 4393 partein
568 4313 641 4377 anni
656 4315 752 4379 1561.
769 4313 837 4378 eius
852 4315 1007 4398 epistolae
1021 4325 1179 4377 testantur
1196 4314 1361 4398 Lugduno
1376 4316 1466 4375 datae
1483 4311 1585 4377 Nonis

251 4503 319 4554 lium
344 4504 388 4554 ait
413 4499 566 4571 Margiten
588 4521 690 4575 poema
715 4521 772 4555 non
796 4504 940 4570 Homero,
966 4502 1018 4555 sed
1040 4503 1155 4555 Pittaco
1179 4500 1351 4558 adscribere.
1399 4499 1468 4554 Vide
1493 4502 1586 4556 locon

250 4576 363 4643 Basilii,
394 4592 425 4630 ut
445 4575 583 4650 intelliges
602 4580 657 4632 boc
677 4580 792 4632 homine
811 4579 883 4631 nibil
904 4597 962 4635 esee
979 4583 1112 4652 ineptius.
1150 4578 1219 4648 Peg.
1232 4578 1298 4636 109.
1313 4595 1370 4649 pro
1390 4578 1506 4648 Aspuio
1523 4577 1586 4628 suh·

247 4655 347 4704 stituit
366 4653 547 4708 Eustrotium.
588 4655 656 4726 Peg.
668 4655 733 4713 111.
752 4654 799 4707 ubi
810 4652 962 4708 Lambimes
980 4672 1010 4706 se
1029 4658 1165 4706 assentiri
1182 4658 1228 4705 ait
1243 4652 1328 4705 Petro
1341 4653 1490 4708 Victorias
1510 4652 1585 4706 Idem

248 4742 359 4781 notaret
371 4727 527 4781 Felictanue
547 4728 681 4783 decennio
702 4745 769 4783 eote
785 4734 937 4784 victorium
958 4746 1010 4784 cet.
1046 4728 1194 4784 Nonnulla
1212 4746 1249 4782 ea
1267 4727 1312 4781 ieie
1329 4725 1493 4781 emendavit
1507 4725 1587 4780 Laes-

249 4802 359 4932 blircliemc
372 4810 402 4857 et
422 4811 571 4874 postrema
595 4803 647 4858 illa
671 4803 780 4877 verda,
811 4803 857 4860 lib.
881 4811 907 4864 1.
941 4804 1038 4862 dact.
1057 4807 1122 4877 25,
1147 4822 1219 4876 qnae
1242 4813 1285 4857 eet
1308 4809 1339 4858 in
1364 4804 1425 4858 atta
1450 4802 1518 4858 edit.
1542 4805 1586 4861 91·

274 4896 367 4934 sevi.
