3322 5578
553 352 793 421 ursonem.
1298 351 1338 420 ss
1381 446 1386 459 .

60 502 114 587 tet,
139 499 177 580 0.
200 496 410 572 Hortensium
443 498 483 559 de
510 494 691 580 posteriore
714 494 850 573 Cicero,
885 495 941 583 qni
962 494 1046 565 illam
1068 516 1150 563 enno
1172 496 1341 582 superiore

60 604 241 679 oppresserat,
274 591 413 655 defendit
434 589 581 656 oratione
602 589 675 666 illa,
706 612 789 674 qrsee
815 611 880 674 pro
900 591 989 655 Sulla
1012 603 1132 655 exstat:
1162 613 1255 678 quam
1277 594 1342 657 hoc

58 704 185 771 tenpore,
216 683 434 751 condemnatis
460 683 529 748 aliis
551 684 743 761 coniuratis,
776 685 915 750 habitam
937 705 1007 748 csse
1035 685 1091 749 ills
1119 687 1218 749 rerba
1245 706 1342 770 ergn-

55 794 134 845 ssrto
155 791 224 843 ssent
249 800 321 863 cap.
339 777 418 842 teu
440 777 663 844 Severitatem
684 780 907 856 iudiciorum,
930 801 1019 864 prece
1036 801 1102 864 per
1123 781 1185 842 lros
1209 800 1342 844 menses

52 874 223 940 omum
239 872 493 937 audacissimos
499 870 612 965 facta
628 882 691 955 est,
707 875 846 939 lenitate
860 894 903 937 ac
916 872 1157 939 misericordia
1171 872 1340 958 mitigate.
1455 946 1458 952 ,

53 972 109 1033 llre
123 968 252 1044 accedit,
278 969 364 1051 qernd
386 966 530 1030 homines
555 967 642 1031 docti
661 967 823 1033 tribunum
845 969 951 1045 illum,
980 990 1075 1055 quem
1095 964 1213 1032 Cicero
1234 970 1276 1031 ad
1293 969 1342 1031 lu·

51 1064 147 1149 pestes
165 1062 354 1126 coniuratos
376 1082 418 1124 cx
440 1059 503 1125 illis
529 1061 672 1125 relictum
696 1061 796 1125 videri
818 1062 861 1127 ait
889 1084 961 1144 cap.
982 1064 1055 1138 10„
1084 1060 1257 1126 Metellum
1275 1064 1343 1126 Ne-

50 1169 133 1239 posen
156 1176 224 1220 csse
253 1176 318 1218 non
347 1155 414 1219 siue
435 1176 530 1218 causa
552 1167 676 1237 putant.
725 1157 849 1220 Eodem
869 1167 1034 1240 tempore,
1064 1177 1134 1221 cum
1160 1155 1248 1220 Sulla
1268 1177 1343 1220 reus

51 1262 122 1326 esset,
137 1253 261 1315 menum
275 1248 393 1314 Cicero
404 1248 436 1313 in
445 1248 572 1314 Palatio
589 1249 680 1323 emite
703 1261 737 1313 ut
755 1250 878 1314 Gellius
895 1250 1007 1313 scribit
1019 1249 1074 1313 lib.
1094 1249 1179 1313 XII.
1198 1270 1270 1333 cap.
1288 1252 1342 1314 12.

50 1345 148 1410 linum
167 1355 294 1427 emptae
317 1367 335 1411 a
359 1367 393 1408 se
416 1342 553 1408 meminit
573 1344 666 1426 epist.
687 1346 740 1408 10.
770 1343 827 1407 lib.
849 1345 879 1409 Ι.
910 1345 950 1407 ad
972 1345 1064 1419 Ati..
1095 1362 1189 1428 quam
1214 1344 1345 1428 scripsit
1420 1394 1424 1405 .

51 1460 131 1502 nesse
150 1438 299 1502 ianuario
318 1437 391 1502 anni
411 1438 582 1521 sequentis.
626 1438 735 1517 ersre
756 1456 818 1502 nen
838 1438 966 1514 dubito,
992 1437 1066 1522 quin
1086 1450 1231 1503 extremo
1248 1440 1343 1503 buius

52 1535 234 1610 souuerse,
258 1554 331 1595 cum
356 1532 399 1613 Q.
421 1532 530 1595 Fufius
552 1530 690 1597 Calenus
711 1532 904 1596 tribunatum
930 1533 1016 1614 pleb.
1034 1531 1193 1609 inivisset,
1223 1531 1342 1598 Cicero

51 1626 184 1709 usipurit
198 1626 295 1711 epist.
308 1627 341 1691 6.
353 1627 410 1690 lib.
425 1628 470 1693 V.
481 1626 595 1690 Famil.
614 1627 654 1689 ad
666 1627 706 1690 P.
721 1626 877 1691 Sestium:
901 1625 967 1714 qni,
988 1646 1060 1690 cnm
1075 1644 1159 1690 anno
1175 1626 1343 1709 superiore

54 1721 83 1785 C.
97 1721 216 1787 Antonii
234 1722 378 1786 consulis
401 1732 552 1805 quaestor
572 1720 702 1799 fuisset,
730 1716 792 1785 lanc
812 1740 896 1785 enno
916 1741 979 1804 pro
1001 1730 1170 1805 quaestore
1193 1740 1264 1784 cnm
1286 1742 1344 1787 en·

52 1815 352 1880 lenirMscednnia
370 1826 452 1879 erat.
486 1815 571 1878 Vide
591 1815 685 1879 Orat.
707 1835 769 1897 pro
791 1815 897 1879 Sestio
920 1836 993 1898 cap.
1013 1816 1046 1878 5.
1083 1811 1146 1877 Cn.
1169 1815 1347 1898 Pompeius

51 1911 169 1975 conlecto
185 1911 245 1974 ism
262 1911 349 1974 bello
365 1908 585 1973 Mithridatico
603 1908 727 1973 litteras
748 1909 875 1992 publice
891 1908 1035 1973 miserat:
1057 1908 1091 1970 in
1109 1900 1345 1993 quibus‚'quod

51 2006 263 2089 postulationem
284 2008 323 2069 dc
344 2005 441 2068 rebus
460 2025 477 2066 a
495 2025 530 2067 se
554 2002 587 2066 in
610 1998 690 2066 serbe
710 2002 809 2087 gestis
828 2000 1104 2085 praetermiserat,
1129 1998 1248 2067 Cicero
1272 2023 1344 2067 cnm

51 2118 80 2162 ee
92 2100 261 2182 expostulet
280 2099 374 2182 epist.
393 2104 423 2162 l.
444 2098 518 2163 libr.
536 2098 582 2162 V.
606 2101 645 2160 ad
662 2097 777 2161 Famil.
798 2098 840 2162 P.
860 2094 995 2161 Clodius
1013 2098 1082 2179 Ap.
1100 2094 1143 2158 F.
1161 2097 1347 2161 adolescens

52 2195 128 2257 setar
142 2206 172 2258 et
187 2196 346 2269 insolens,
372 2193 543 2276 Pompeiae
563 2191 676 2255 erroris
692 2189 734 2257 C.
749 2189 898 2255 Caessris
921 2212 1030 2254 asnore
1053 2205 1180 2274 captus,
1199 2204 1344 2257 extremo

52 2288 202 2364 manno,
233 2310 307 2353 cum
330 2288 441 2352 Bonae
461 2288 551 2351 Dese
578 2286 610 2349 in
640 2288 735 2349 domo
759 2283 906 2350 Caesaris
935 2305 998 2368 pro
1024 2289 1147 2369 populo
1174 2286 1282 2358 fieret,
1311 2285 1346 2349 in

52 2391 168 2459 opertum
193 2404 266 2445 cum
292 2393 381 2445 veste
408 2381 551 2444 muliebri
577 2380 678 2455 venit,
707 2398 837 2462 sperans
867 2400 920 2454 se,
951 2381 1039 2462 qssod
1067 2380 1219 2445 imberbis
1248 2389 1343 2454 esset,

53 2474 110 2537 den
123 2476 299 2561 ingressum
318 2479 358 2539 ad
374 2474 559 2558 Pompeiam
581 2484 821 2557 perventurum.
859 2474 922 2536 Sed
943 2473 1016 2535 dnm
1034 2473 1066 2536 in
1085 2475 1196 2558 amplis
1216 2486 1250 2538 et
1265 2474 1346 2537 laxis

53 2567 150 2633 relibsu
169 2572 319 2646 oberrat,
343 2572 383 2632 ab
403 2568 570 2644 Astreliae,
595 2567 702 2631 matris
725 2564 893 2642 Caesaris,
918 2566 1029 2630 ancilla
1052 2566 1265 2651 conspicitur;
1288 2587 1345 2653 no·

54 2682 157 2745 nuque
175 2676 332 2750 rogatus.
353 2685 425 2726 essm
447 2684 481 2726 sc
500 2663 621 2725 Asinam
643 2652 809 2750 (Ἂθραν)
832 2658 1035 2747 pedisequum
1055 2662 1230 2745 Pompeiae
1248 2682 1347 2748 qum·

54 2775 106 2819 rere
122 2757 267 2836 elisisset,
297 2780 337 2822 ex
362 2777 442 2821 voce
467 2757 651 2840 agnoscitur
673 2765 705 2818 et
726 2777 744 2817 a
766 2756 952 2819 mulieribus
976 2755 1008 2820 in
1030 2756 1179 2821 cubiculo
1205 2755 1346 2839 ancillae,

54 2870 105 2913 eser
121 2874 176 2935 qua
199 2855 329 2916 domum
351 2851 512 2936 ingressus
535 2861 621 2926 erat,
645 2850 889 2932 deprehenditur
914 2862 1009 2935 atque
1032 2851 1123 2915 foras
1144 2850 1287 2929 eiicitur,
1310 2862 1348 2915 ut

54 2941 213 3010 thurum
233 2946 266 3009 in
290 2944 451 3010 Cicerone
469 2956 499 3008 et
519 2942 660 3007 Caesare
681 2942 804 3007 scribit.
849 2941 966 3008 Cicero
986 2945 1018 3007 in
1037 2944 1132 3009 Orat.
1155 2946 1194 3010 de
1212 2946 1346 3026 harurp.

54 3056 169 3120 mess.
186 3062 256 3124 cap.
274 3041 330 3103 21.
353 3040 412 3116 ait,
436 3039 522 3103 illum
544 3038 727 3101 ancillarum
747 3038 903 3103 beneficio
921 3039 1068 3104 emissum
1087 3061 1169 3105 csse.
1204 3040 1257 3104 Tu
1274 3039 1346 3101 ride

53 3129 122 3212 tolet.
140 3135 186 3199 12.
209 3147 242 3198 et
263 3146 432 3220 sequentes
452 3135 526 3197 libr.
552 3133 583 3197 Ι.
607 3134 647 3195 ad
667 3132 826 3197 Atticum.

156 3400 258 3463 Anno
281 3397 383 3462 Urbis
403 3399 578 3464 DCXCH.
601 3396 775 3462 Ciceronis
795 3399 925 3463 XLVI.
948 3417 1036 3461 coss.
1046 3396 1205 3487 fuerunt

88 3548 129 3625 lb
152 3548 337 3628 PUPIUS
362 3550 480 3627 PlSO
507 3549 924 3647 CALPURNIANUS‚
967 3550 1016 3623 M.
1043 3549 1295 3629 VALERIUS
1415 3666 1420 3675 ἱ
1504 3622 1508 3629 .

470 3661 704 3739 MESSALA
729 3661 898 3743 NIGER.

115 3826 152 3891 P.
167 3826 273 3895 Clodii
294 3828 439 3896 iacinorc
461 3829 640 3912 patefacto,
665 3851 683 3893 a
706 3828 897 3913 Virginibus
918 3842 950 3892 et
971 3829 1185 3894 Pontificibus
1206 3828 1238 3892 id
1258 3828 1347 3893 nelos

58 3928 90 3979 tet
103 3921 271 3988 decretum:
297 3922 419 3990 Caesar
439 3924 550 3988 deinde
572 3925 669 3986 srxori
689 3922 831 3987 nuntium
850 3922 971 3987 remisit
989 3934 1020 3987 et
1036 3923 1183 3990 Clodium
1202 3923 1347 3986 tribunus

56 4010 121 4089 eleb.
143 4017 317 4092 accesserim
349 4028 481 4082 auctore
508 4017 686 4081 Plutarcho
714 4018 747 4081 in
777 4016 927 4081 Caesare.
978 4019 1209 4083 Accusatorem
1241 4013 1349 4081 Clodii

57 4098 195 4207 Lente
212 4113 345 4196 barsup.
368 4132 518 4194 respons.
541 4133 613 4195 cap.
636 4114 689 4175 17.
707 4111 782 4192 (L.)
804 4111 977 4174 Lentulum
1000 4110 1154 4175 nominat.
1200 4105 1349 4173 Clodium

55 4204 140 4266 sessi
164 4205 294 4271 minine
321 4229 340 4270 s
367 4205 471 4271 tribus
495 4204 640 4269 Lentulis
667 4216 847 4270 accersstnm
876 4204 975 4269 luisse
1004 4205 1153 4269 Valerius
1183 4201 1258 4265 libr.
1280 4202 1346 4266 lv.

56 4294 159 4377 “tsi-
180 4302 288 4367 tradit.
331 4300 383 4366 De
406 4298 513 4365 Clodii
539 4299 656 4364 iudicio
682 4299 754 4363 ride
774 4298 868 4382 epist.
892 4299 945 4363 tt.
975 4300 1035 4364 lib.
1056 4300 1087 4363 I.
1118 4299 1158 4360 ad
1178 4297 1266 4359 Att.¹
1308 4295 1348 4359 In

57 4400 86 4447 Ρ
101 4386 146 4459 Μ.
162 4392 285 4463 'tultus
310 4394 399 4458 testis
421 4397 615 4478 productus,
645 4414 717 4457 cerm
741 4391 876 4459 Clodius
898 4391 1017 4456 &men
1040 4391 1083 4456 ita
1103 4389 1282 4466 refelleret,
1313 4403 1348 4457 ut

58 4470 166 4567 bel,
184 4506 219 4554 rc
240 4490 294 4553 ills
315 4501 410 4554 nocte
432 4506 495 4553 non
516 4489 655 4565 Romae,
676 4491 734 4551 sed
755 4490 852 4572 louge
871 4488 911 4549 ab
930 4488 1020 4552 Urbe
1040 4485 1241 4549 Interamnae
1264 4486 1348 4568 apud

61 4614 1339 4645 mm...-

125 4694 191 4755 lsns
211 4700 245 4761 dr
267 4707 375 4757 incesto
393 4700 484 4756 lectus
504 4716 547 4756 est
565 4701 598 4755 P.
617 4696 731 4754 Clodios
750 4714 896 4752 sccussnte
916 4700 946 4752 L.
966 4693 1100 4761 Lentulo,
1131 4693 1296 4751 defendente
1315 4695 1348 4749 C.

167 4793 249 4848 psus.
291 4776 448 4832 Seboltsus
468 4776 538 4830 Meti
558 4774 595 4829 sd
613 4791 682 4829 oret.
702 4780 732 4828 in
752 4775 783 4829 Ρ.
803 4772 932 4827 Clodium
952 4789 980 4827 et
1001 4771 1167 4827 Curionem:
1195 4777 1274 4825 colus
1293 4770 1350 4824 fre·

65 4854 148 4909 1⁸¹¹·
169 4868 219 4906 res
245 4870 310 4907 eom
327 4853 400 4908 usu
420 4868 448 4907 er
466 4850 560 4909 Betert
581 4864 718 4904 sonosstt.
737 4866 812 4903 nnnc
834 4846 1002 4903 consulendo
1022 4861 1097 4905 snut.
1136 4848 1178 4905 De
1198 4861 1257 4901 soto
1278 4844 1350 4899 ludl-

65 4920 97 4972 ὃ·
109 4920 228 4983 elotum
246 4928 297 4984 cir.
316 4934 402 4984 stlsrn
421 4926 560 4984 Tunetsllt
579 4926 732 5000 Episrclsm
753 4944 780 4999 p.
796 4931 842 4985 28.
859 4940 933 4996 seqq.
