3322 5578
264 366 305 429 as
663 342 717 429 M.
746 364 910 430 'ranan
941 363 1193 433 crcnncnrs

359 537 460 600 Anno
484 534 585 601 Urbis
608 535 854 599 DCLXXVII.
878 534 1052 600 Ciceronis
1075 530 1208 603 XXXI.
1233 559 1323 601 coss.
1335 535 1514 641 suerunt,

434 677 513 752 CN.
541 677 834 784 OCTAVIUS,⁴
855 680 897 752 C.
927 679 1228 758 SCRIBONIUS
1256 680 1421 756 CURIO.

233 850 237 859 '
347 835 398 899 De
415 834 465 897 his
489 833 606 900 Cicero
629 836 659 896 in
682 836 784 899 Bruto
805 856 877 918 cap.
896 836 949 897 60.
987 838 1051 900 Cn.
1074 833 1241 912 Sicinius,
1265 837 1521 906 camarinnani
1540 844 1586 924 pi.

264 930 450 996 Curionem
471 941 504 990 el
527 928 706 993 Octauium
727 933 883 993 consides
900 929 1130 1013 produxisses
1151 932 1324 1017 Curioque
1351 935 1461 995 mulla
1484 933 1589 997 dinn-
1657 1008 1658 1011 Ἴ

262 1034 331 1100 sei,
355 1022 491 1085 sedente
510 1024 573 1086 Cn'.
593 1022 737 1086 Octauio
755 1024 903 1105 collega,
928 1023 988 1107 qui
1009 1024 1184 1086 ‹leuinclue
1206 1038 1282 1088 erac
1300 1024 1432 1114 fasciis
1453 1037 1487 1089 el
1506 1028 1587 1088 mul·
1657 1020 1658 1041 i

261 1117 308 1187 ir'e
329 1115 582 1198 medicamentis
600 1128 747 1199 propter·
765 1116 919 1179 dolorem
935 1128 1078 1181 aritsrtm
1095 1119 1285 1182 delibutus:
1307 1121 1516 1204 Nunquam,
1539 1119 1586 1183 t‘rt·
1657 1140 1658 1183 1

172 1267 173 1270 ,
262 1209 356 1294 quil,
387 1210 526 1285 Octavi,
558 1211 709 1291 collegae
734 1220 795 1272 luo
820 1210 970 1294 graiium
996 1209 1151 1302 referees
1179 1212 1239 1298 qut'
1264 1211 1333 1275 nisi
1354 1234 1391 1276 ee
1414 1233 1480 1275 asso
1500 1233 1587 1276 more

264 1392 393 1446 Tuustail
419 1396 448 1444 in
469 1388 594 1462 Epistola
625 1405 680 1443 cet.
711 1410 738 1463 p.
766 1396 809 1449 10.
850 1391 1109 1468 ..Συγχρονισμὸν
1137 1410 1271 1466 perquam
1301 1394 1454 1450 notabilem
1475 1396 1587 1449 eileciui
1657 1402 1658 1407 ’

263 1466 345 1535 (ibid.
359 1467 393 1520 T.
412 1469 433 1520 1.
455 1485 479 1539 p.
498 1466 576 1537 135.)
598 1484 771 1537 mortemque
792 1469 877 1538 pratris
894 1466 1039 1519 Ciceronis
1060 1471 1118 1531 tui,
1139 1467 1188 1520 filii
1208 1469 1312 1523 natales
1334 1471 1459 1543 filiaeque
1479 1470 1588 1545 despon-

263 1547 400 1600 sationem
421 1547 451 1595 in
472 1546 552 1594 unius
579 1547 644 1594 anni
672 1542 805 1595 ambitum
827 1540 1005 1606 conclusisti,
1034 1560 1091 1595 rem
1111 1548 1196 1596 etiam
1217 1552 1342 1599 omnium
1363 1551 1588 1619 antiquissimam,

263 1624 350 1693 patris
370 1623 503 1671 nimirum
525 1634 659 1681 mortem,
681 1622 708 1669 in
730 1621 794 1670 anni
815 1622 874 1669 elus
895 1633 998 1689 partem
1019 1623 1199 1690 posteriorem
1221 1639 1306 1693 usque
1325 1620 1481 1678 detrusisti.
1512 1622 1587 1674 illum

263 1711 403 1769 praeterea
430 1710 532 1747 annunt
561 1693 641 1767 plane
667 1693 822 1747 mirabilem
851 1692 935 1745 fuisse
962 1693 1032 1746 dicis
1058 1711 1138 1758 euru,
1164 1700 1193 1749 in
1213 1713 1268 1766 quo
1289 1697 1392 1750 Cicero
1418 1703 1479 1770 ipse
1497 1696 1587 1750 consui

263 1771 420 1843 designetur
434 1768 528 1822 fuerit.
558 1771 598 1822 En
621 1786 711 1821 rerum
727 1769 871 1821 Ciceronis
886 1773 1069 1821 maximarum
1082 1769 1297 1842 pulcherrimum
1312 1789 1377 1825 sane
1391 1771 1589 1850 συγκύρημα(

264 1849 336 1901 unde
358 1847 408 1899 tibi
430 1850 514 1897 etiam
536 1846 674 1916 praecinto
695 1849 815 1916 cogitata
835 1860 994 1915 exsurgunt.
1034 1845 1170 1898 Audacter
1194 1861 1284 1901 tantun
1305 1846 1412 1900 alfirmc
1432 1865 1524 1900 earum
1547 1864 1589 1899 re-

263 1939 326 1977 rum
345 1940 379 1974 ne
399 1937 482 1974 unam
503 1918 614 1992 quidem
635 1919 766 1973 incidisse
786 1923 814 1971 in
836 1936 937 1971 annum
959 1935 1032 1985 eum,
1051 1939 1107 1992 quo
1117 1920 1214 1973 Cicero
1235 1923 1333 1975 consui
1353 1922 1513 1996 designatus
1532 1921 1589 1975 fue-

263 2000 300 2052 ris
320 1999 396 2065 (690.
417 1997 519 2067 Varr.).
559 1993 630 2051 Naar
651 2000 724 2048 inter
746 2000 833 2067 patris
853 2011 972 2046 mortem
992 2012 1018 2047 et
1038 1996 1258 2067 designationem
1278 1999 1424 2052 Ciceronis
1445 2004 1588 2053 triennium

249 2089 353 2141 ‚totum
375 2089 538 2145 tempusque
558 2076 671 2143 insuper
690 2086 822 2123 semestre
844 2074 1011 2123 intercessit.
1043 2071 1185 2142 Siquidem
1208 2079 1230 2126 is
1250 2091 1374 2128 mortuus
1388 2091 1431 2129 est
1447 2075 1520 2128 vttt.
1532 2072 1589 2126 Kal.

222 2168 227 2177 ·
263 2147 410 2203 Decembr.
448 2144 697 2218 Metelloetiiege
718 2163 790 2199 coss.
808 2145 885 2219 (686.
907 2144 989 2200 verr.
1009 2144 1148 2214 adRAttic.
1170 2157 1196 2215 1,
1215 2153 1266 2214 6.).
1299 2149 1416 2215 Deinde,
1437 2166 1501 2202 cum
1521 2153 1590 2202 circa

261 2242 385 2278 mensem
401 2220 547 2276 Decembr.
567 2225 632 2275 anni
653 2226 723 2286 eius,
742 2226 789 2294 qui
805 2223 932 2274 Pisonem
950 2236 977 2272 et
991 2219 1172 2275 Glabrionem
1193 2241 1264 2277 coss.
1285 2225 1381 2278 habuit
1402 2225 1482 2299 (687.
1497 2225 1589 2289 Vara),
1657 2226 1658 2233 ’

199 2302 202 2311 ⁴
261 2300 354 2355 Tullia
374 2299 538 2373 desponsata
559 2296 643 2350 luerit
662 2295 746 2370 (ibid.
768 2295 881 2370 Epa),
903 2296 938 2348 ab
957 2313 988 2348 en
1009 2294 1222 2369 desponsatione
1243 2298 1276 2351 ad
1298 2302 1443 2354 Ciceronis
1464 2298 1588 2371 designa·
1657 2316 1658 2353 t

261 2382 365 2430 tionem
386 2374 461 2429 idem
480 2372 538 2426 iera
558 2388 666 2443 tempus
686 2388 819 2425 semestre
847 2376 918 2425 ultra
943 2371 1086 2425 biennium
1109 2381 1297 2444 praeterierat.
1336 2376 1463 2449 Denique
1483 2376 1587 2428 Merces

262 2452 332 2505 filius
353 2466 456 2504 annum
476 2455 613 2521 integrum
637 2463 800 2500 antenatus
822 2463 878 2513 est,
903 2464 986 2519 quem
999 2448 1106 2502 ‘cicero
1126 2466 1184 2502 cos.
1204 2448 1373 2522 designatus,
1414 2456 1456 2504 lie
1476 2451 1523 2504 lilii
1541 2464 1588 2500 au-

262 2545 316 2582 tem
345 2526 537 2579 natalitiorum
563 2541 685 2590 ternpore
711 2528 886 2574 certissimas
912 2542 955 2576 est
983 2538 1046 2575 narn
1066 2526 1167 2579 Cicero
1193 2530 1252 2599 ipse
1279 2527 1348 2580 dicit
1375 2525 1463 2593 (ibid.
1485 2527 1533 2598 Ep.
1551 2526 1586 2588 2.)
1657 2530 1658 2539 ’

260 2602 292 2657 L.
305 2602 376 2655 l'nlio
390 2603 529 2665 Caesare,
550 2598 582 2654 C.
596 2600 710 2651 Marcio
729 2598 830 2667 Figulo
849 2615 921 2652 coss.
942 2599 1007 2668 (hos
1028 2613 1119 2652 autern
1141 2602 1240 2654 Cicero
1261 2619 1318 2655 cos.
1338 2599 1484 2676 excepit:)
1498 2599 1588 2674 filiolo
1657 2628 1658 2633 =

260 2697 303 2730 nte
323 2685 436 2729 aucium
455 2680 538 2731 sollo.
579 2676 670 2729 Miror
697 2671 748 2725 tibi
776 2679 804 2725 in
828 2688 950 2726 mentem
977 2690 1033 2726 non
1053 2681 1160 2729 venisse
1179 2691 1250 2729 coss.
1272 2675 1431 2750 designatos
1452 2694 1512 2730 esse
1529 2691 1587 2727 sae-

260 2757 374 2827 pissime
401 2770 472 2804 coss.
497 2750 600 2814 ἁπλῶς
625 2747 725 2801 dictos.
765 2749 807 2801 lta
830 2747 891 2802 Lib.
913 2751 941 2806 6.
968 2749 1019 2822 Ep.
1040 2757 1067 2810 8.
1099 2752 1233 2805 Lentrrlns
1255 2769 1310 2805 cos.
1350 2751 1473 2827 Philipp.
1493 2753 1544 2817 si,
1564 2753 1588 2807 5.

260 2829 360 2881 bellam
378 2827 548 2894 inexpiabile
566 2823 658 2896 inferi
677 2831 813 2893 qtsattnor
825 2842 897 2878 cose.
918 2827 1023 2890 (Hirtio
1037 2842 1065 2879 et
1081 2829 1166 2881 Pansa
1180 2842 1267 2891 coss,
1288 2831 1323 2882 D.
1334 2830 1423 2881 Bruto
1438 2843 1467 2882 et
1481 2827 1586 2903 Pisaeo,

259 2921 331 2959 coss.
352 2901 516 2976 designatis)
538 2919 609 2952 nnrsr
627 2903 749 2952 omnium
768 2902 912 2952 latronum
932 2907 1102 2956 lelerrr'mns.
1142 2904 1212 2956 Fieri
1234 2920 1288 2955 uon
1310 2907 1416 2974 potuit,
1446 2918 1477 2957 ut
1496 2905 1588 2956 Caesar

252 2979 417 3053 retFigulus
439 2982 494 3030 iam
516 2981 568 3051 ipsi
590 2972 840 3031 concalescerent.
881 2979 1006 3044 Quorsus
1034 2982 1109 3030 enim
1131 2982 1240 3030 Atticus
1266 2994 1360 3031 mense
1381 2979 1511 3033 ianuario
1530 2990 1587 3050 pro-
1657 2976 1658 3011 ³

175 3090 178 3095 ·
260 3060 335 3112 ximo
355 3053 513 3118 adueniret,
541 3067 571 3106 ut
597 3049 915 3107 uobtltnmvotanutes
939 3069 966 3104 et
992 3051 1122 3125 suffragia
1142 3054 1271 3107 Ciceroni
1297 3054 1458 3108 consulatus
1482 3050 1587 3128 petitori
1657 3080 1658 3099 r

205 3190 210 3209 Ι
259 3130 439 3192 conciliaret.
474 3144 540 3183 cum
566 3128 731 3180 Ciceronem
767 3142 826 3179 tum
853 3130 950 3181 iniisse
976 3130 1184 3198 magistratum,
1220 3146 1277 3181 uon
1302 3129 1409 3183 ambire
1435 3125 1587 3202 oporteret?

261 3210 388 3278 Denique
407 3218 470 3257 aute
489 3203 570 3257 illurn
587 3207 677 3276 ipsum
694 3219 815 3255 mensem
831 3204 991 3257 ianuarium
1008 3208 1131 3266 Atticus,
1155 3218 1224 3256 teste
1239 3204 1361 3273 Nepote,
1381 3203 1488 3270 adluit,
1508 3205 1588 3256 Colla

260 3287 415 3335 etiamtunc
434 3296 462 3334 et
483 3279 629 3350 Torquato
647 3295 718 3330 coss.
739 3281 817 3343 (689.
836 3278 942 3345 Vara),
966 3293 1031 3334 cum
1052 3282 1153 3330 Caesar
1179 3293 1206 3331 et
1225 3278 1338 3352 Figulus
1366 3298 1429 3333 eum
1450 3284 1589 3353 magistra·

149 3376 154 3381 ·
259 3373 320 3415 tum
333 3358 456 3410 noudum
475 3359 612 3408 iniissent.
645 3352 698 3419 Sed
719 3368 747 3405 es
760 3355 873 3406 liosium
894 3359 983 3426 ipsum
1005 3358 1146 3405 verissime
1166 3370 1326 3407 monentem
1347 3355 1442 3408 audire
1463 3353 1584 3409 noluisti:
1657 3370 1658 3381 ¹

144 3922 150 3939 .
259 3901 331 3938 anne
359 3889 447 3936 serius
474 3897 538 3955 toga
564 3896 631 3954 pura
659 3880 792 3936 donatum
819 3879 948 3932 Marcum
974 3884 1128 3933 invenimus
1167 3878 1220 3946 (sd
1240 3883 1328 3935 Attio.

259 3430 329 3487 Cnns
355 3437 399 3496 nil
417 3433 532 3497 Cicero,
563 3432 653 3501 inquit
680 3427 740 3492 itte,
771 3430 892 3481 Caesare
920 3438 950 3480 el
968 3430 1069 3498 digrslo
1089 3447 1176 3491 cora,
1201 3447 1258 3480 non
1284 3437 1509 3501 temptemini,
1539 3442 1586 3495 quo
1657 3442 1658 3471 1

259 3509 302 3561 illl
320 3513 458 3571 inierant,
478 3505 529 3557 sed
546 3523 598 3575 qno
618 3502 763 3571 designati
782 3511 855 3556 ersnl.
878 3533 908 3545 -
933 3503 1033 3556 Voluit
1052 3502 1171 3555 mearum
1191 3521 1286 3556 rerrsns
1302 3507 1430 3557 Allienus
1444 3504 1517 3579 fieri
1533 3515 1588 3553 cet·-
1657 3538 1658 3567 p

258 3590 376 3647 liorem,
402 3581 610 3649 designationis
634 3595 705 3631 coss.
731 3585 760 3627 el
780 3578 837 3630 diei
854 3580 962 3630 natalis
979 3577 1045 3648 filii.
1085 3580 1113 3632 Si
1141 3595 1204 3631 sero
1230 3578 1289 3632 dies
1311 3582 1412 3634 natalia
1434 3582 1523 3634 Marci
1542 3573 1587 3628 filil

259 3664 298 3714 isa
318 3660 519 3722 constituatur,
545 3660 568 3707 is
595 3671 650 3711 uuo
678 3667 784 3706 tantum
807 3671 880 3706 anuo
902 3659 994 3707 minor
1014 3668 1080 3707 natu
1100 3659 1154 3708 erit
1174 3670 1256 3725 quam
1277 3657 1400 3725 Quintus
1420 3648 1501 3709 iilius.
1539 3650 1587 3702 ilic
1657 3650 1658 3659 ’

188 3780 189 3783 ,
258 3740 333 3788 enim
360 3748 487 3806 praetore
517 3730 653 3784 Cicerone
679 3731 760 3794 (687.
783 3733 875 3794 Varr.)
900 3745 979 3783 natns
1007 3744 1065 3793 est,
1092 3747 1156 3782 cum
1185 3730 1367 3802 paulioante
1391 3736 1506 3785 comitia
1532 3728 1586 3778 eius
1657 3726 1658 3729 ’

258 3813 397 3883 praetoria
415 3809 569 3879 Pomponia
592 3822 759 3875 praegnans
775 3821 834 3857 esse
854 3811 988 3878 coeperit.
1028 3804 1117 3871 (ibid.
1138 3806 1189 3879 Ep.
1211 3809 1275 3872 10.)
1296 3807 1392 3940 ltatpse
1413 3824 1470 3860 uno
1489 3804 1587 3944 pergei

1372 3921 1381 3948 q
1403 3893 1417 3940 ¹
1439 3898 1467 3937 et
1485 3885 1519 3941 92
1557 3907 1586 3926 ‘⁶

257 3962 300 4014 Ex
319 3958 473 4015 rationibus
494 3972 587 4010 autem
608 3971 622 4005 a
644 3971 671 4009 te
691 3956 781 4010 ductis
801 3958 875 4009 inter
893 3972 939 4009 eas
960 3973 1001 4008 ree
1020 3955 1165 4009 biennium
1187 3972 1277 4009 totum
1292 3964 1424 4011 iuteresse
1438 3950 1587 4030 oportebat·

258 4034 301 4091 De
321 4035 428 4088 Tulliae
449 4050 532 4106 porro
553 4035 672 4102 nuptiis,
701 4036 726 4085 si
746 4047 794 4083 eae
816 4048 903 4094 recte,
933 4036 974 4085 uti
997 4029 1132 4097 diximus,
1161 4035 1325 4085 reiiciantur
1345 4037 1375 4085 iu
1395 4048 1498 4087 annum
1517 4037 1586 4083 eum·

258 4116 304 4182 qui
321 4102 448 4165 Pisonem
469 4125 496 4160 et
511 4106 693 4160 Glabrionem
714 4124 786 4159 coss.
807 4106 903 4160 habuit
920 4109 999 4172 (687.
1014 4106 1115 4175 Vara),
1137 4124 1248 4170 vereor,
1273 4124 1303 4161 ut
1323 4123 1350 4160 te
1372 4107 1406 4160 ab
1426 4109 1481 4161 aliu
1500 4112 1587 4155 errore
1657 4106 1658 4109 ’

258 4203 345 4258 eoque
384 4188 544 4256 gravissimo
583 4186 660 4234 circa
690 4183 836 4236 Ciceronis
868 4186 953 4253 ipsius
978 4185 1091 4253 nuptias
1118 4178 1262 4233 defendere
1288 4187 1387 4255 possis.
1432 4183 1505 4237 Nam
1531 4184 1586 4226 ium

258 4264 380 4315 triennio
406 4259 487 4313 altius
509 4254 718 4323 constituendae
738 4256 846 4311 Tulliae
865 4260 977 4329 nuptiae
997 4271 1077 4321 suut,
1107 4271 1188 4328 quam
1210 4270 1268 4309 tute
1288 4262 1472 4312 constituisti.
1511 4253 1587 4305 Αῐῑΰθ

257 4351 351 4389 autern
370 4352 421 4400 eo,
442 4338 488 4406 qul
509 4349 573 4387 ente
592 4332 738 4385 Ciceronis
759 4331 933 4385 consulatum
954 4327 1023 4396 istit,
1042 4348 1177 4402 quemque
1198 4346 1227 4384 tu
1246 4330 1354 4385 Tulliae
1376 4337 1480 4406 nuptiis
1500 4324 1587 4379 desti-

257 4415 346 4475 nessi,
367 4410 413 4463 illa
434 4410 475 4463 rel
496 4424 523 4462 te
542 4414 673 4472 auctore,
696 4411 742 4477 qui
762 4408 926 4459 Ciceronem
945 4409 1100 4459 etiamtunc
1120 4405 1254 4459 caelibem
1274 4425 1307 4460 ex
1327 4408 1445 4462 Graecia
1467 4399 1586 4457 andacia.

258 4491 357 4539 aetatis
378 4486 481 4538 annum
503 4479 776 4538 tertiumdecimum
798 4496 902 4535 tantum
921 4484 1116 4553 compleverat.
1152 4485 1243 4554 iraque
1263 4488 1317 4536 nisi
1338 4483 1421 4537 altius
1442 4483 1513 4535 diern
1531 4476 1585 4525 eius

257 4560 380 4617 easdem
401 4576 572 4633 repetamus,
600 4560 700 4612 Pisone
722 4573 749 4610 et
770 4557 921 4611 Glabrione
940 4572 1015 4610 coss.
1035 4561 1132 4609 aetatis
1153 4573 1256 4610 annum
1276 4556 1415 4610 decimum
1443 4558 1497 4624 (ut’
1511 4546 1586 4602 arbi-

259 4656 316 4691 tror
343 4636 487 4709 equidem,
517 4636 642 4698 nonum)
664 4648 693 4684 ut
721 4649 877 4698 summum,
903 4629 1065 4685 coniecerit.
1104 4633 1144 4686 Ea
1164 4648 1253 4685 aetate
1272 4648 1303 4687 ur
1322 4649 1408 4705 nupta
1428 4633 1477 4686 illa
1496 4624 1584 4681 areat,

258 4721 336 4787 ipse,
362 4728 392 4766 ut
412 4716 529 4784 opinor,
557 4722 729 4780 nequaquam
757 4712 929 4762 asseveraris.
968 4704 998 4760 ld
1019 4723 1110 4761 tamen
1131 4708 1280 4761 tenendum
1302 4714 1459 4762 necessario
1479 4716 1536 4761 ests
1561 4695 1584 4744 ⁸¹

258 4788 357 4844 ecdem
384 4804 411 4841 te
439 4802 550 4840 auctore
576 4788 719 4838 Ciceronis
745 4788 855 4855 nuptias
882 4782 917 4836 ad
941 4787 1000 4834 eius
1022 4802 1054 4835 ex
1074 4783 1193 4837 Graecia
1213 4787 1400 4837 reversionem
1420 4783 1583 4836 differamus·

257 4865 299 4919 Eo
319 4868 404 4936 igitur
425 4880 491 4916 rent·
502 4859 625 4923 deduco,
646 4874 676 4911 ut
688 4859 788 4911 Cicero
808 4875 920 4911 uxorem
940 4857 1147 4927 artedunum,
1167 4874 1248 4930 quam
1269 4863 1323 4911 iter
1343 4857 1410 4912 illud
1431 4859 1538 4926 insigne
1557 4848 1584 4895 5¹¹

174 4968 175 4975 ¹
258 4941 404 4995 Graeciam
426 4940 575 5009 Asiamque
594 4933 778 5007 susceperit.''
