3322 5578
294 427 313 486 d
698 422 749 486 Μ.
772 419 934 486 TULLII
957 418 1207 486 CICERONIS

291 586 363 640 sos,
395 563 442 626 liis
472 562 654 627 consulibus
683 574 787 626 natum
817 583 886 625 esse
912 559 973 626 Cn.
996 561 1183 644 Pompeium
1213 561 1314 643 pridie
1337 562 1412 626 Kal.
1437 564 1598 638 Octobres,

293 661 379 742 quod
401 659 543 721 Velleius
566 659 639 720 libr.
663 658 713 720 lI.
740 678 811 738 cap.
835 657 887 720 53.
912 669 943 719 ct
965 655 1085 720 Plinius
1107 656 1181 718 libr.
1203 657 1394 720 XXXVII.
1417 679 1487 739 cap.
1509 659 1539 720 2.
1561 658 1601 719 di-

292 766 375 816 scrte
398 753 558 816 scribunt:
586 750 676 813 errius
700 751 745 813 rei
769 750 996 815 observatione
1022 749 1169 811 facillime
1196 749 1356 812 diiudicari
1379 760 1499 831 potest,
1529 760 1599 832 qriot

291 868 389 909 annos
412 858 501 908 natus
524 844 698 926 Pompeius
719 866 772 909 res
795 842 934 927 singulas
958 842 1092 926 gesserit
1119 843 1301 905 honoresve
1331 855 1517 906 consecutus
1543 842 1596 905 sit:

289 938 321 1000 id
350 942 436 1023 qiiod
465 952 526 1000 tam
557 939 643 1001 varic
672 940 711 1001 ab
743 936 1190 1019 auctoribusscriptumest,
1222 949 1255 999 nt
1282 936 1382 1001 maior
1404 934 1600 1019 discrepantia

185 1048 189 1057 “
290 1034 345 1096 vix
371 1031 560 1095 inveniatur.

442 1281 545 1343 Anno
567 1276 668 1341 Urbis
689 1279 901 1343 DCXLIIX.
928 1273 1102 1339 Ciceronis
1123 1279 1172 1342 11.
1194 1296 1284 1339 coss.
1296 1272 1455 1367 fuerunt

507 1422 552 1494 P.
580 1418 819 1497 RUTILIUS
846 1417 1029 1517 RUFUS,
1057 1419 1134 1494 CN.
1162 1417 1397 1496 MALLIUS.
1528 1441 1564 1475 ἰ

372 1580 436 1641 Hic
458 1588 506 1640 cst
528 1578 569 1640 P.
586 1576 724 1641 Rutilius
741 1575 882 1647 Stoicus,
908 1577 1004 1639 homo
1028 1574 1224 1639 doctissinms
1248 1585 1280 1638 et
1303 1573 1446 1639 Panaetii
1467 1574 1596 1647 auditor,

291 1675 328 1734 de
351 1693 415 1755 quo
440 1658 556 1735 Cicero
578 1670 607 1731 in
632 1671 734 1732 Bruto
758 1690 829 1753 cap.
854 1670 928 1743 80„
955 1671 1009 1758 lib.
1034 1669 1101 1732 ΙΙΙ.
1125 1689 1196 1749 cap.
1220 1668 1251 1731 2.
1276 1671 1315 1731 de
1338 1667 1474 1743 Officiis,
1498 1680 1528 1730 ct
1548 1685 1600 1728 nos

288 1766 435 1829 interius.
480 1765 627 1828 Alterum
650 1763 810 1828 consulem
835 1762 897 1827 Cn.
923 1762 1069 1825 Mallium
1095 1784 1195 1837 voco,
1229 1763 1377 1845 qtsoniam
1405 1763 1451 1826 sie
1481 1780 1599 1846 quoque

291 1861 467 1941 appellatur
489 1858 520 1922 in
543 1858 672 1941 antiquo
696 1878 852 1921 marmore
868 1856 1023 1937 Neapoli:
1048 1858 1129 1919 unde
1146 1857 1307 1941 Georgius
1323 1856 1488 1921 Fabricius
1507 1856 1600 1936 legem

291 1953 536 2016 aedificantium¹
561 1952 743 2034 descripsit,
768 1955 806 2014 de
828 1973 892 2034 qrio
917 1949 989 2014 Cic.
1013 1971 1074 2032 pro
1098 1950 1229 2014 Plancio
1253 1974 1323 2032 cap.
1341 1952 1380 2017 5.
1393 1952 1542 2035 populas
1561 1948 1599 2009 R.

289 2052 332 2130 Q.
360 2049 501 2121 Catulo,
536 2046 570 2108 in
600 2067 736 2108 summa
750 2043 904 2136 familia
931 2055 1032 2120 nato,
1063 2045 1316 2127 sapientissimo
1341 2057 1375 2108 et
1395 2041 1601 2108 sanctissimo

289 2142 380 2213 viro,
410 2139 611 2222 praeposuit
637 2142 699 2205 Cn.
722 2140 903 2213 Mallium,
935 2159 1002 2201 non
1027 2140 1138 2200 solam
1166 2138 1368 2221 ignobilem,
1400 2158 1517 2201 veram
1535 2133 1601 2198 siue

289 2235 429 2308 virtute,
451 2235 524 2297 sine
546 2232 700 2315 ingenio,
726 2234 797 2295 vita
811 2234 915 2296 etiam
929 2243 1134 2313 contempto.
1168 2233 1256 2295 Idem
1273 2232 1383 2294 scribit
1398 2254 1458 2315 pro
1474 2232 1602 2305 Murena

289 2350 360 2409 cap.
386 2331 437 2388 17.
484 2329 546 2391 Scd
576 2329 658 2409 apud
685 2327 873 2401 historicos,
906 2326 960 2410 qni
988 2326 1072 2386 hsirie
1100 2325 1261 2387 consulem
1293 2324 1411 2388 victum
1434 2347 1450 2387 a
1473 2316 1602 2389 Cimbris

288 2421 448 2495 scribunt,
484 2441 595 2501 magna
626 2420 761 2483 varietas
791 2418 824 2481 in
854 2418 980 2482 nomine
1003 2429 1035 2481 et
1055 2419 1257 2500 praenomine
1280 2418 1457 2492 invenitur,
1489 2418 1525 2477 de
1546 2430 1601 2497 qua

289 2513 438 2598 Sigonius
467 2513 497 2575 in
520 2514 636 2579 Fastis.
680 2516 755 2577 Hoc
784 2536 866 2576 anno
890 2514 934 2594 Q.
958 2510 1094 2576 Servilio
1118 2510 1280 2593 Caepioni
1304 2508 1494 2593 proconsuli
1513 2509 1603 2587 impe·

289 2608 371 2668 rium
394 2608 565 2690 rogatione
588 2606 630 2671 C.
654 2608 799 2670 Norbani
822 2605 939 2668 tribuni
971 2605 1018 2686 pl.
1049 2608 1237 2687 abrogatum
1266 2617 1333 2668 cst:
1369 2629 1430 2690 qim
1460 2606 1497 2665 de
1518 2615 1603 2660 causa

204 2729 217 2748 e
290 2699 401 2761 seditio
424 2700 455 2761 in
479 2699 567 2764 Urbe
589 2699 724 2762 excitata
747 2699 825 2772 fuit,
851 2701 889 2761 de
912 2720 971 2782 qua
996 2697 1111 2761 Cicero
1134 2699 1190 2759 lib.
1207 2698 1254 2760 ΙΙ.
1278 2719 1350 2780 cap.
1368 2701 1422 2761 tt.
1446 2700 1483 2759 dc
1499 2696 1598 2763 Orat-i

292 2795 373 2855 unde
404 2795 446 2854 L.
470 2792 598 2857 Cottam
630 2804 660 2855 et
683 2795 725 2855 T.
749 2792 878 2856 Didium
908 2791 1055 2854 Norbani
1084 2792 1224 2875 collegas
1252 2790 1351 2854 fuisse
1380 2789 1604 2875 cognoscimus.

290 2885 354 2948 Sed
383 2883 504 2967 Caepio
534 2888 694 2951 damnatus
723 2899 771 2948 est
803 2885 931 2967 eiusque
962 2886 1045 2947 bona
1074 2883 1233 2965 publicata
1263 2897 1348 2947 sum.
1400 2885 1510 2947 Livius
1538 2879 1603 2940 libr.

289 2978 439 3041 LXVII.
476 2991 506 3040 ct
535 2979 696 3043 Asconius
726 2978 755 3040 in
787 2966 1029 3043 Cornelianam:
1067 2977 1119 3041 nbi
1150 2981 1298 3042 mendose
1327 2979 1514 3063 impressum
1543 2979 1602 3039 esti

294 3074 441 3135 Tolerat
468 3085 584 3135 autem
615 3093 691 3135 eam
716 3073 868 3135 maxime
892 3084 1037 3154 propter
1067 3071 1260 3136 simultates
1288 3096 1366 3137 eum
1388 3077 1430 3157 Q.
1455 3062 1603 3135 Caecilio,

295 3176 342 3226 est
364 3165 444 3227 enim
467 3166 655 3249 legendum,
678 3188 756 3228 eum
778 3169 820 3249 Q.
842 3166 1005 3242 Seruilio,
1032 3165 1082 3227 vel
1102 3188 1180 3230 eam
1199 3171 1243 3251 Q.
1267 3167 1464 3252 Caepione.²

452 3419 555 3483 Anno
577 3417 678 3481 Urbis
698 3419 890 3484 DCXLIX.
914 3405 1089 3484 Ciceronis
1109 3422 1177 3486 ΙΙΙ.
1201 3441 1289 3484 coss.
1299 3417 1459 3511 fierunt

504 3561 545 3635 C.
567 3559 757 3638 MARIUS
783 3554 856 3659 lb,
884 3561 925 3636 C.
952 3562 1168 3640 FLAVIUS
1195 3563 1412 3638 FIMBRIA.

386 3717 427 3782 C.
445 3716 569 3780 illarius
592 3716 702 3779 iterum
729 3719 840 3781 eonsnl
864 3721 1013 3784 Kalendis
1036 3719 1192 3782 Ianuariis
1214 3721 1251 3783 dc
1267 3718 1422 3804 Iugurtba
1445 3711 1610 3793 triumpha·
1650 3720 1651 3755 l

301 3813 358 3877 vit.
392 3812 558 3875 Plutarch.
581 3811 612 3873 in
635 3811 760 3890 Mario,
787 3812 939 3877 Salustius
962 3815 993 3876 in
1019 3813 1209 3897 Iugurthino
1231 3824 1365 3877 extrem.
1390 3815 1432 3880 C.
1447 3803 1611 3875 Fimbriam

301 3904 418 3969 Cicero
440 3925 502 3986 pro
519 3904 651 3968 Plancio
673 3926 747 3987 cap.
767 3905 819 3968 91.
842 3907 924 3970 inter
946 3927 1002 3970 eos
1023 3919 1183 3984 numerat,
1206 3909 1279 3992 qui,
1303 3930 1373 3971 eum
1397 3901 1513 3971 tribuni
1528 3896 1609 3998 plolt-
1649 3976 1650 3987 χ

303 4020 372 4062 esse
398 4020 463 4062 non
492 3998 686 4080 potuissent,
718 4002 863 4063 eonsules
891 4000 968 4063 sacti
994 4011 1079 4062 sunt.
1122 4001 1174 4064 De
1196 4001 1262 4064 cius
1285 4001 1464 4085 eloquentia
1485 3998 1563 4059 idem
1584 4004 1612 4047 ιιι
1648 4004 1650 4075 t

303 4092 408 4156 Bruto
430 4112 500 4173 cap.
523 4093 576 4155 bb.
619 4093 679 4154 His
700 4094 883 4157 consulibus
907 4094 949 4159 C.
973 4092 1102 4157 Cassius
1124 4096 1167 4157 L.
1193 4095 1233 4157 F.
1256 4094 1443 4177 Longinus,
1473 4088 1612 4153 tribunus
1647 4108 1649 4129 ι

278 4188 395 4269 pleb.
416 4187 526 4268 plures
555 4186 641 4270 leges
671 4189 709 4249 ad
731 4187 923 4251 minuendam
947 4188 1121 4253 nobilitatis
1142 4188 1313 4269 potentiam
1337 4190 1422 4265 tulit,
1453 4185 1485 4247 in
1507 4176 1613 4263 quibus

305 4280 387 4340 banc
408 4279 518 4357 etiarn,
550 4291 584 4342 ut
610 4301 702 4362 quem
731 4283 870 4362 populus
898 4286 1071 4346 damnasset
1100 4281 1191 4344 cuive
1219 4281 1385 4364 imperium
1415 4275 1612 4359 abrogasset.

266 4396 272 4405 s
305 4372 336 4433 in
365 4386 478 4435 senatu
511 4394 551 4435 ne
579 4384 672 4436 esset.
719 4375 879 4439 Asconius
910 4376 941 4440 in
971 4374 1203 4451 Cornelianam,
1254 4368 1317 4441 E'd.
1346 4374 1465 4442 Baiteri
1501 4392 1534 4450 p·
1565 4358 1612 4423 73·

307 4465 384 4527 Hoc
411 4486 493 4529 anno
521 4464 562 4529 C.
591 4464 709 4528 Lusius
738 4466 881 4532 tribunus
911 4469 1002 4532 milit.
1031 4469 1131 4534 Marii
1159 4491 1274 4535 sorore
1301 4484 1409 4549 natus,
1442 4455 1615 4550 pudicitiam

305 4577 375 4619 curn
404 4557 543 4639 eriperet
566 4559 732 4624 Trebonio
760 4560 829 4625 sive
851 4561 894 4627 C.
920 4562 1030 4627 Plotio
1058 4563 1164 4641 militi,
1196 4565 1381 4629 interfectus
1411 4564 1451 4625 ab
1479 4576 1518 4621 eo
1550 4556 1612 4616 cst,
1645 4622 1647 4643 N

306 4649 357 4712 eui
372 4650 433 4713 vim
450 4653 614 4717 afferebat.
649 4654 750 4733 Quem
766 4677 836 4718 cum
852 4655 979 4720 Marius
1000 4656 1118 4719 scelere
1140 4659 1276 4721 solutum
1299 4658 1442 4741 periculo
1457 4644 1617 4714 liberasset

307 4747 1603 4783 Μ

280 4805 373 4945 ’61)
399 4817 461 4935 θένε
486 4815 575 4889 legem
595 4819 745 4873 ransart
764 4818 965 4878 saetvrtoo.
1001 4822 1058 4879 Cir.
1076 4816 1276 4899 inscriptiones
1302 4842 1376 4880 meas
1404 4826 1463 4878 Lat.
1483 4816 1516 4872 N.
1538 4805 1615 4873 5697·

217 4988 220 4993 ⁴
336 4899 619 5041 r3i1⁰⁰{P·1I³¹il²rl
639 4986 665 5042 P·
687 4975 750 5039 ts,
770 4969 818 5025 ubi
838 4988 878 5028 est
898 4993 958 5028 cum
978 4974 1012 5045 Q.
1032 4975 1163 5030 Servilio.
