<?xml version="1.0" encoding="UTF-8"?>
<!DOCTYPE html PUBLIC "-//W3C//DTD XHTML 1.0 Transitional//EN"
    "http://www.w3.org/TR/xhtml1/DTD/xhtml1-transitional.dtd">
<html xmlns="http://www.w3.org/1999/xhtml" xml:lang="en" lang="en">
 <head>
  <title>
</title>
<meta http-equiv="Content-Type" content="text/html;charset=utf-8" />
  <meta name='ocr-system' content='tesseract 3.04.00' />
  <meta name='ocr-capabilities' content='ocr_page ocr_carea ocr_par ocr_line ocrx_word'/>
</head>
<body>
  <div class='ocr_page' id='page_1' title='image "./mtulliiciceroni00unkngoog_0018.png"; bbox 0 0 3322 5578; ppageno 0'>
   <div class='ocr_carea' id='block_1_1' title="bbox 615 286 854 355">
    <p class='ocr_par' dir='ltr' id='par_1_1' title="bbox 615 286 854 355">
     <span class='ocr_line' id='line_1_1' title="bbox 615 286 854 355; baseline 0.008 -3"><span class='ocrx_word' id='word_1_1' title='bbox 615 286 854 355; x_wconf 80' lang='lat' dir='ltr'><strong>HISTORIA.</strong></span> 
     </span>
    </p>
   </div>
   <div class='ocr_carea' id='block_1_2' title="bbox 219 447 1251 691">
    <p class='ocr_par' dir='ltr' id='par_1_2' title="bbox 219 447 1251 691">
     <span class='ocr_line' id='line_1_2' title="bbox 241 447 1232 540; baseline -0.002 -26"><span class='ocrx_word' id='word_1_2' title='bbox 241 451 343 514; x_wconf 83' lang='lat' dir='ltr'><strong>Anno</strong></span> <span class='ocrx_word' id='word_1_3' title='bbox 368 447 468 513; x_wconf 84' lang='lat' dir='ltr'><strong>Urbis</strong></span> <span class='ocrx_word' id='word_1_4' title='bbox 491 451 650 514; x_wconf 86' lang='lat' dir='ltr'><strong>DCLIII.</strong></span> <span class='ocrx_word' id='word_1_5' title='bbox 674 449 847 515; x_wconf 83' lang='lat' dir='ltr'><strong>Ciceronis</strong></span> <span class='ocrx_word' id='word_1_6' title='bbox 869 453 949 517; x_wconf 85' lang='lat' dir='ltr'><strong>VII.</strong></span> <span class='ocrx_word' id='word_1_7' title='bbox 973 470 1061 514; x_wconf 82' lang='lat' dir='ltr'><strong>coss.</strong></span> <span class='ocrx_word' id='word_1_8' title='bbox 1073 448 1232 540; x_wconf 76' lang='lat' dir='ltr'><strong>feserunt</strong></span> 
     </span>
     <span class='ocr_line' id='line_1_3' title="bbox 219 592 1251 691; baseline 0.001 -25"><span class='ocrx_word' id='word_1_9' title='bbox 219 594 260 667; x_wconf 89' lang='lat' dir='ltr'><strong>C.</strong></span> <span class='ocrx_word' id='word_1_10' title='bbox 295 592 485 671; x_wconf 81' lang='lat' dir='ltr'><strong>MARIUS</strong></span> <span class='ocrx_word' id='word_1_11' title='bbox 519 594 605 691; x_wconf 75' lang='lat' dir='ltr'><strong>VI,</strong></span> <span class='ocrx_word' id='word_1_12' title='bbox 647 594 692 667; x_wconf 87' lang='lat' dir='ltr'><strong>L.</strong></span> <span class='ocrx_word' id='word_1_13' title='bbox 727 593 977 671; x_wconf 82' lang='lat' dir='ltr'><strong>VALERIUS</strong></span> <span class='ocrx_word' id='word_1_14' title='bbox 1012 592 1251 671; x_wconf 87' lang='lat' dir='ltr'><strong>FLACCUS.</strong></span> 
     </span>
    </p>
   </div>
   <div class='ocr_carea' id='block_1_3' title="bbox 81 748 1394 2804">
    <p class='ocr_par' dir='ltr' id='par_1_3' title="bbox 81 748 1394 2804">
     <span class='ocr_line' id='line_1_4' title="bbox 160 748 1390 834; baseline 0 -23"><span class='ocrx_word' id='word_1_15' title='bbox 160 751 282 812; x_wconf 86' lang='lat' dir='ltr'><strong>Horum</strong></span> <span class='ocrx_word' id='word_1_16' title='bbox 313 751 477 812; x_wconf 90' lang='lat' dir='ltr'><strong>consulum</strong></span> <span class='ocrx_word' id='word_1_17' title='bbox 505 748 657 834; x_wconf 78' lang='lat' dir='ltr'><strong>frequens</strong></span> <span class='ocrx_word' id='word_1_18' title='bbox 686 762 734 813; x_wconf 88' lang='lat' dir='ltr'><strong>est</strong></span> <span class='ocrx_word' id='word_1_19' title='bbox 762 751 878 815; x_wconf 89' lang='lat' dir='ltr'><strong>mentio</strong></span> <span class='ocrx_word' id='word_1_20' title='bbox 909 754 991 834; x_wconf 83' lang='lat' dir='ltr'><strong>apud</strong></span> <span class='ocrx_word' id='word_1_21' title='bbox 1019 749 1206 815; x_wconf 83' lang='lat' dir='ltr'><strong>Ciceronem</strong></span> <span class='ocrx_word' id='word_1_22' title='bbox 1234 771 1294 832; x_wconf 90' lang='lat' dir='ltr'><strong>pro</strong></span> <span class='ocrx_word' id='word_1_23' title='bbox 1323 750 1390 813; x_wconf 87' lang='lat' dir='ltr'><strong>Ra·</strong></span> 
     </span>
     <span class='ocr_line' id='line_1_5' title="bbox 82 842 1394 928; baseline 0.001 -21"><span class='ocrx_word' id='word_1_24' title='bbox 82 842 174 917; x_wconf 90' lang='lat' dir='ltr'><strong>birio,</strong></span> <span class='ocrx_word' id='word_1_25' title='bbox 206 864 275 924; x_wconf 89' lang='lat' dir='ltr'><strong>cap.</strong></span> <span class='ocrx_word' id='word_1_26' title='bbox 294 848 323 906; x_wconf 84' lang='lat'><strong>7.</strong></span> <span class='ocrx_word' id='word_1_27' title='bbox 345 843 376 904; x_wconf 93' lang='lat' dir='ltr'><strong>in</strong></span> <span class='ocrx_word' id='word_1_28' title='bbox 401 844 525 917; x_wconf 89' lang='lat' dir='ltr'><strong>Bruto,</strong></span> <span class='ocrx_word' id='word_1_29' title='bbox 557 866 628 925; x_wconf 87' lang='lat' dir='ltr'><strong>cap.</strong></span> <span class='ocrx_word' id='word_1_30' title='bbox 653 845 702 910; x_wconf 76' lang='grc'><strong>99.</strong></span> <span class='ocrx_word' id='word_1_31' title='bbox 723 846 754 907; x_wconf 88' lang='lat' dir='ltr'><strong>iu</strong></span> <span class='ocrx_word' id='word_1_32' title='bbox 778 846 945 910; x_wconf 75' lang='lat' dir='ltr'>Catilinam</span> <span class='ocrx_word' id='word_1_33' title='bbox 969 846 998 908; x_wconf 92' lang='grc' dir='ltr'><strong>Ι.</strong></span> <span class='ocrx_word' id='word_1_34' title='bbox 1030 868 1101 928; x_wconf 90' lang='lat' dir='ltr'><strong>eap.</strong></span> <span class='ocrx_word' id='word_1_35' title='bbox 1126 846 1156 908; x_wconf 81' lang='grc'><strong>9.</strong></span> <span class='ocrx_word' id='word_1_36' title='bbox 1182 856 1212 907; x_wconf 88' lang='lat' dir='ltr'><strong>et</strong></span> <span class='ocrx_word' id='word_1_37' title='bbox 1233 844 1264 907; x_wconf 90' lang='lat' dir='ltr'><strong>iu</strong></span> <span class='ocrx_word' id='word_1_38' title='bbox 1289 845 1394 908; x_wconf 87' lang='lat' dir='ltr'><strong>Anto·</strong></span> 
     </span>
     <span class='ocr_line' id='line_1_6' title="bbox 83 937 1392 1021; baseline 0 -21"><span class='ocrx_word' id='word_1_39' title='bbox 83 939 158 1000; x_wconf 83' lang='lat' dir='ltr'><strong>aiom</strong></span> <span class='ocrx_word' id='word_1_40' title='bbox 180 950 262 1001; x_wconf 89' lang='lat' dir='ltr'><strong>orat.</strong></span> <span class='ocrx_word' id='word_1_41' title='bbox 287 938 388 1001; x_wconf 83' lang='lat' dir='ltr'><strong>VIII.</strong></span> <span class='ocrx_word' id='word_1_42' title='bbox 413 958 482 1019; x_wconf 88' lang='lat' dir='ltr'><strong>cap.</strong></span> <span class='ocrx_word' id='word_1_43' title='bbox 505 939 536 1000; x_wconf 81' lang='lat'><strong>5.</strong></span> <span class='ocrx_word' id='word_1_44' title='bbox 583 937 705 1018; x_wconf 82' lang='lat' dir='ltr'><strong>Quibus</strong></span> <span class='ocrx_word' id='word_1_45' title='bbox 728 940 771 1002; x_wconf 87' lang='lat' dir='ltr'><strong>L.</strong></span> <span class='ocrx_word' id='word_1_46' title='bbox 796 939 974 1021; x_wconf 79' lang='lat' dir='ltr'><strong>Appuleius</strong></span> <span class='ocrx_word' id='word_1_47' title='bbox 996 938 1185 1003; x_wconf 88' lang='lat' dir='ltr'><strong>Saturninus</strong></span> <span class='ocrx_word' id='word_1_48' title='bbox 1207 938 1392 1002; x_wconf 80' lang='lat' dir='ltr'><strong>seditionem</strong></span> 
     </span>
     <span class='ocr_line' id='line_1_7' title="bbox 82 1030 1393 1114; baseline 0 -20"><span class='ocrx_word' id='word_1_49' title='bbox 82 1032 183 1094; x_wconf 82' lang='lat' dir='ltr'><strong>movit.</strong></span> <span class='ocrx_word' id='word_1_50' title='bbox 216 1031 251 1094; x_wconf 92' lang='lat' dir='ltr'><strong>Is</strong></span> <span class='ocrx_word' id='word_1_51' title='bbox 273 1031 370 1106; x_wconf 89' lang='lat' dir='ltr'><strong>euim,</strong></span> <span class='ocrx_word' id='word_1_52' title='bbox 396 1055 466 1094; x_wconf 91' lang='lat' dir='ltr'><strong>enm</strong></span> <span class='ocrx_word' id='word_1_53' title='bbox 489 1053 570 1094; x_wconf 90' lang='lat' dir='ltr'><strong>anuo</strong></span> <span class='ocrx_word' id='word_1_54' title='bbox 593 1030 757 1114; x_wconf 79' lang='lat' dir='ltr'><strong>superiore</strong></span> <span class='ocrx_word' id='word_1_55' title='bbox 780 1032 956 1094; x_wconf 70' lang='lat' dir='ltr'><strong>tribunatus</strong></span> <span class='ocrx_word' id='word_1_56' title='bbox 978 1030 1237 1114; x_wconf 66' lang='lat' dir='ltr'><strong>competitorem,</strong></span> <span class='ocrx_word' id='word_1_57' title='bbox 1262 1035 1305 1096; x_wconf 88' lang='lat' dir='ltr'><strong>A.</strong></span> <span class='ocrx_word' id='word_1_58' title='bbox 1323 1034 1393 1094; x_wconf 88' lang='lat' dir='ltr'><strong>No·</strong></span> 
     </span>
     <span class='ocr_line' id='line_1_8' title="bbox 81 1125 1390 1210; baseline 0.002 -22"><span class='ocrx_word' id='word_1_59' title='bbox 81 1128 156 1188; x_wconf 86' lang='lat' dir='ltr'><strong>nium</strong></span> <span class='ocrx_word' id='word_1_60' title='bbox 183 1128 239 1204; x_wconf 83' lang='lat' dir='ltr'><strong>(tle</strong></span> <span class='ocrx_word' id='word_1_61' title='bbox 271 1147 336 1210; x_wconf 88' lang='lat' dir='ltr'><strong>quo</strong></span> <span class='ocrx_word' id='word_1_62' title='bbox 358 1127 492 1192; x_wconf 78' lang='lat' dir='ltr'><strong>nourine</strong></span> <span class='ocrx_word' id='word_1_63' title='bbox 522 1127 593 1191; x_wconf 87' lang='lat' dir='ltr'><strong>vide</strong></span> <span class='ocrx_word' id='word_1_64' title='bbox 623 1125 842 1190; x_wconf 78' lang='lat' dir='ltr'><strong>annotationes</strong></span> <span class='ocrx_word' id='word_1_65' title='bbox 871 1140 995 1189; x_wconf 90' lang='lat' dir='ltr'><strong>nostras</strong></span> <span class='ocrx_word' id='word_1_66' title='bbox 1024 1125 1055 1188; x_wconf 92' lang='lat' dir='ltr'><strong>iu</strong></span> <span class='ocrx_word' id='word_1_67' title='bbox 1085 1148 1156 1208; x_wconf 89' lang='lat' dir='ltr'><strong>cap.</strong></span> <span class='ocrx_word' id='word_1_68' title='bbox 1182 1128 1234 1189; x_wconf 98' lang='grc'><strong>17.</strong></span> <span class='ocrx_word' id='word_1_69' title='bbox 1264 1126 1320 1191; x_wconf 93' lang='lat' dir='ltr'><strong>lib.</strong></span> <span class='ocrx_word' id='word_1_70' title='bbox 1343 1128 1390 1191; x_wconf 89' lang='lat' dir='ltr'><strong>V.</strong></span> 
     </span>
     <span class='ocr_line' id='line_1_9' title="bbox 81 1218 1392 1303; baseline 0.002 -19"><span class='ocrx_word' id='word_1_71' title='bbox 81 1218 201 1297; x_wconf 80' lang='lat' dir='ltr'><strong>orosii)</strong></span> <span class='ocrx_word' id='word_1_72' title='bbox 230 1220 398 1283; x_wconf 78' lang='lat' dir='ltr'><strong>alirtvante</strong></span> <span class='ocrx_word' id='word_1_73' title='bbox 429 1222 470 1286; x_wconf 89' lang='lat' dir='ltr'><strong>C.</strong></span> <span class='ocrx_word' id='word_1_74' title='bbox 501 1223 621 1303; x_wconf 79' lang='lat' dir='ltr'><strong>Mario</strong></span> <span class='ocrx_word' id='word_1_75' title='bbox 640 1220 823 1295; x_wconf 82' lang='lat' dir='ltr'><strong>occidisset,</strong></span> <span class='ocrx_word' id='word_1_76' title='bbox 855 1243 954 1302; x_wconf 88' lang='lat' dir='ltr'><strong>eaque</strong></span> <span class='ocrx_word' id='word_1_77' title='bbox 982 1221 1105 1284; x_wconf 88' lang='lat' dir='ltr'><strong>ratione</strong></span> <span class='ocrx_word' id='word_1_78' title='bbox 1132 1221 1276 1284; x_wconf 89' lang='lat' dir='ltr'><strong>tribunus</strong></span> <span class='ocrx_word' id='word_1_79' title='bbox 1305 1222 1392 1303; x_wconf 83' lang='lat' dir='ltr'><strong>pleb.</strong></span> 
     </span>
     <span class='ocr_line' id='line_1_10' title="bbox 82 1310 1392 1399; baseline 0.005 -26"><span class='ocrx_word' id='word_1_80' title='bbox 82 1310 186 1373; x_wconf 86' lang='lat' dir='ltr'><strong>itermn</strong></span> <span class='ocrx_word' id='word_1_81' title='bbox 214 1312 319 1374; x_wconf 85' lang='lat' dir='ltr'><strong>Iactrrs</strong></span> <span class='ocrx_word' id='word_1_82' title='bbox 353 1314 455 1398; x_wconf 80' lang='lat' dir='ltr'><strong>legem</strong></span> <span class='ocrx_word' id='word_1_83' title='bbox 490 1315 645 1399; x_wconf 84' lang='lat' dir='ltr'><strong>agrariam</strong></span> <span class='ocrx_word' id='word_1_84' title='bbox 676 1337 734 1395; x_wconf 89' lang='lat' dir='ltr'><strong>per</strong></span> <span class='ocrx_word' id='word_1_85' title='bbox 764 1314 826 1376; x_wconf 92' lang='lat' dir='ltr'><strong>vim</strong></span> <span class='ocrx_word' id='word_1_86' title='bbox 855 1315 996 1389; x_wconf 88' lang='lat' dir='ltr'><strong>tulisset,</strong></span> <span class='ocrx_word' id='word_1_87' title='bbox 1031 1315 1062 1377; x_wconf 92' lang='lat' dir='ltr'><strong>in</strong></span> <span class='ocrx_word' id='word_1_88' title='bbox 1093 1337 1186 1399; x_wconf 81' lang='lat' dir='ltr'><strong>quarn</strong></span> <span class='ocrx_word' id='word_1_89' title='bbox 1216 1337 1232 1377; x_wconf 93' lang='lat' dir='ltr'><strong>a</strong></span> <span class='ocrx_word' id='word_1_90' title='bbox 1261 1315 1392 1399; x_wconf 84' lang='lat' dir='ltr'><strong>singulis</strong></span> 
     </span>
     <span class='ocr_line' id='line_1_11' title="bbox 84 1405 1391 1492; baseline 0.005 -26"><span class='ocrx_word' id='word_1_91' title='bbox 84 1405 269 1468; x_wconf 84' lang='lat' dir='ltr'><strong>senatoribus</strong></span> <span class='ocrx_word' id='word_1_92' title='bbox 286 1405 382 1469; x_wconf 85' lang='lat' dir='ltr'><strong>iurari</strong></span> <span class='ocrx_word' id='word_1_93' title='bbox 399 1409 514 1470; x_wconf 80' lang='lat' dir='ltr'><strong>volarit:</strong></span> <span class='ocrx_word' id='word_1_94' title='bbox 538 1410 580 1488; x_wconf 93' lang='lat' dir='ltr'><strong>Q.</strong></span> <span class='ocrx_word' id='word_1_95' title='bbox 597 1410 733 1472; x_wconf 90' lang='lat' dir='ltr'><strong>Metello</strong></span> <span class='ocrx_word' id='word_1_96' title='bbox 756 1408 940 1484; x_wconf 83' lang='lat' dir='ltr'><strong>Numidico,</strong></span> <span class='ocrx_word' id='word_1_97' title='bbox 965 1408 1017 1492; x_wconf 88' lang='lat' dir='ltr'><strong>qui</strong></span> <span class='ocrx_word' id='word_1_98' title='bbox 1041 1431 1119 1471; x_wconf 82' lang='lat' dir='ltr'><strong>tantas</strong></span> <span class='ocrx_word' id='word_1_99' title='bbox 1142 1409 1173 1471; x_wconf 94' lang='lat' dir='ltr'><strong>in</strong></span> <span class='ocrx_word' id='word_1_100' title='bbox 1194 1430 1261 1471; x_wconf 86' lang='lat' dir='ltr'><strong>earn</strong></span> <span class='ocrx_word' id='word_1_101' title='bbox 1283 1409 1391 1472; x_wconf 90' lang='lat' dir='ltr'><strong>iurare</strong></span> 
     </span>
     <span class='ocr_line' id='line_1_12' title="bbox 85 1498 1388 1587; baseline 0.004 -28"><span class='ocrx_word' id='word_1_102' title='bbox 85 1499 185 1574; x_wconf 84' lang='lat' dir='ltr'><strong>nolrrit,</strong></span> <span class='ocrx_word' id='word_1_103' title='bbox 218 1498 300 1562; x_wconf 86' lang='lat' dir='ltr'><strong>diem</strong></span> <span class='ocrx_word' id='word_1_104' title='bbox 327 1502 419 1564; x_wconf 80' lang='lat' dir='ltr'><strong>dixit.</strong></span> <span class='ocrx_word' id='word_1_105' title='bbox 465 1503 616 1565; x_wconf 87' lang='lat' dir='ltr'><strong>Metellus</strong></span> <span class='ocrx_word' id='word_1_106' title='bbox 645 1516 766 1578; x_wconf 89' lang='lat' dir='ltr'><strong>autem,</strong></span> <span class='ocrx_word' id='word_1_107' title='bbox 801 1502 852 1564; x_wconf 92' lang='lat' dir='ltr'><strong>eni</strong></span> <span class='ocrx_word' id='word_1_108' title='bbox 881 1504 1004 1585; x_wconf 88' lang='lat' dir='ltr'><strong>patriae</strong></span> <span class='ocrx_word' id='word_1_109' title='bbox 1031 1503 1115 1564; x_wconf 89' lang='lat' dir='ltr'><strong>salus</strong></span> <span class='ocrx_word' id='word_1_110' title='bbox 1139 1503 1263 1566; x_wconf 82' lang='lat' dir='ltr'><strong>tlrtlci0r</strong></span> <span class='ocrx_word' id='word_1_111' title='bbox 1296 1525 1388 1587; x_wconf 86' lang='lat' dir='ltr'><strong>quam</strong></span> 
     </span>
     <span class='ocr_line' id='line_1_13' title="bbox 85 1594 1387 1680; baseline 0.008 -30"><span class='ocrx_word' id='word_1_112' title='bbox 85 1604 256 1672; x_wconf 85' lang='lat' dir='ltr'><strong>conspectus</strong></span> <span class='ocrx_word' id='word_1_113' title='bbox 278 1607 365 1670; x_wconf 86' lang='lat' dir='ltr'><strong>erat,</strong></span> <span class='ocrx_word' id='word_1_114' title='bbox 391 1594 576 1658; x_wconf 86' lang='lat' dir='ltr'><strong>decivitate</strong></span> <span class='ocrx_word' id='word_1_115' title='bbox 601 1597 706 1660; x_wconf 77' lang='lat' dir='ltr'><strong>ritaluit</strong></span> <span class='ocrx_word' id='word_1_116' title='bbox 738 1620 829 1680; x_wconf 88' lang='lat' dir='ltr'><strong>qnam</strong></span> <span class='ocrx_word' id='word_1_117' title='bbox 853 1600 890 1659; x_wconf 91' lang='lat' dir='ltr'><strong>de</strong></span> <span class='ocrx_word' id='word_1_118' title='bbox 913 1597 1066 1660; x_wconf 87' lang='lat' dir='ltr'><strong>sententia</strong></span> <span class='ocrx_word' id='word_1_119' title='bbox 1088 1594 1267 1661; x_wconf 81' lang='lat' dir='ltr'><strong>dimoveri:</strong></span> <span class='ocrx_word' id='word_1_120' title='bbox 1291 1610 1322 1659; x_wconf 88' lang='lat' dir='ltr'><strong>et</strong></span> <span class='ocrx_word' id='word_1_121' title='bbox 1345 1597 1387 1663; x_wconf 88' lang='lat' dir='ltr'><strong>C.</strong></span> 
     </span>
     <span class='ocr_line' id='line_1_14' title="bbox 85 1685 1388 1775; baseline 0.002 -28"><span class='ocrx_word' id='word_1_122' title='bbox 85 1685 181 1747; x_wconf 81' lang='lat' dir='ltr'><strong>Mario</strong></span> <span class='ocrx_word' id='word_1_123' title='bbox 202 1699 324 1748; x_wconf 85' lang='lat' dir='ltr'><strong>sextum</strong></span> <span class='ocrx_word' id='word_1_124' title='bbox 348 1688 470 1749; x_wconf 87' lang='lat' dir='ltr'><strong>consuli</strong></span> <span class='ocrx_word' id='word_1_125' title='bbox 493 1700 523 1749; x_wconf 89' lang='lat' dir='ltr'><strong>et</strong></span> <span class='ocrx_word' id='word_1_126' title='bbox 546 1689 611 1751; x_wconf 82' lang='lat' dir='ltr'><strong>citas</strong></span> <span class='ocrx_word' id='word_1_127' title='bbox 632 1690 756 1752; x_wconf 83' lang='lat' dir='ltr'><strong>irrvictis</strong></span> <span class='ocrx_word' id='word_1_128' title='bbox 779 1690 974 1775; x_wconf 81' lang='lat' dir='ltr'><strong>legionibus,</strong></span> <span class='ocrx_word' id='word_1_129' title='bbox 1005 1711 1043 1753; x_wconf 93' lang='lat' dir='ltr'><strong>ne</strong></span> <span class='ocrx_word' id='word_1_130' title='bbox 1071 1689 1164 1753; x_wconf 86' lang='lat' dir='ltr'><strong>aruris</strong></span> <span class='ocrx_word' id='word_1_131' title='bbox 1187 1688 1388 1774; x_wconf 79' lang='lat' dir='ltr'><strong>confligeret,</strong></span> 
     </span>
     <span class='ocr_line' id='line_1_15' title="bbox 82 1781 1388 1866; baseline 0.006 -27"><span class='ocrx_word' id='word_1_132' title='bbox 82 1781 239 1842; x_wconf 86' lang='lat' dir='ltr'><strong>cedendum</strong></span> <span class='ocrx_word' id='word_1_133' title='bbox 264 1803 333 1843; x_wconf 85' lang='lat' dir='ltr'><strong>esse</strong></span> <span class='ocrx_word' id='word_1_134' title='bbox 356 1782 455 1846; x_wconf 82' lang='lat' dir='ltr'><strong>dttxit.</strong></span> <span class='ocrx_word' id='word_1_135' title='bbox 499 1781 616 1846; x_wconf 88' lang='lat' dir='ltr'><strong>Cicero</strong></span> <span class='ocrx_word' id='word_1_136' title='bbox 640 1804 699 1865; x_wconf 91' lang='lat' dir='ltr'><strong>pro</strong></span> <span class='ocrx_word' id='word_1_137' title='bbox 723 1785 844 1859; x_wconf 86' lang='lat' dir='ltr'><strong>Balbo,</strong></span> <span class='ocrx_word' id='word_1_138' title='bbox 869 1806 940 1866; x_wconf 89' lang='lat' dir='ltr'><strong>cap.</strong></span> <span class='ocrx_word' id='word_1_139' title='bbox 960 1785 989 1849; x_wconf 85' lang='lat'><strong>5.</strong></span> <span class='ocrx_word' id='word_1_140' title='bbox 1012 1805 1072 1866; x_wconf 90' lang='lat' dir='ltr'><strong>pro</strong></span> <span class='ocrx_word' id='word_1_141' title='bbox 1096 1784 1220 1863; x_wconf 83' lang='lat' dir='ltr'><strong>Sestio,</strong></span> <span class='ocrx_word' id='word_1_142' title='bbox 1242 1805 1312 1865; x_wconf 88' lang='lat' dir='ltr'><strong>cap.</strong></span> <span class='ocrx_word' id='word_1_143' title='bbox 1335 1785 1388 1847; x_wconf 81' lang='lat' dir='ltr'><strong>to.</strong></span> 
     </span>
     <span class='ocr_line' id='line_1_16' title="bbox 83 1871 1390 1956; baseline 0.007 -26"><span class='ocrx_word' id='word_1_144' title='bbox 83 1882 109 1930; x_wconf 85' lang='lat' dir='ltr'><strong>et</strong></span> <span class='ocrx_word' id='word_1_145' title='bbox 128 1871 154 1933; x_wconf 93' lang='lat' dir='ltr'><strong>in</strong></span> <span class='ocrx_word' id='word_1_146' title='bbox 176 1874 342 1949; x_wconf 84' lang='lat' dir='ltr'><strong>Pisonem,</strong></span> <span class='ocrx_word' id='word_1_147' title='bbox 374 1898 442 1956; x_wconf 87' lang='lat' dir='ltr'><strong>cap.</strong></span> <span class='ocrx_word' id='word_1_148' title='bbox 467 1876 499 1938; x_wconf 95' lang='grc'><strong>9.</strong></span> <span class='ocrx_word' id='word_1_149' title='bbox 544 1876 607 1938; x_wconf 80' lang='lat' dir='ltr'><strong>sen</strong></span> <span class='ocrx_word' id='word_1_150' title='bbox 636 1899 704 1938; x_wconf 82' lang='lat' dir='ltr'><strong>erran</strong></span> <span class='ocrx_word' id='word_1_151' title='bbox 728 1877 807 1939; x_wconf 87' lang='lat' dir='ltr'><strong>idem</strong></span> <span class='ocrx_word' id='word_1_152' title='bbox 832 1878 1017 1941; x_wconf 87' lang='lat' dir='ltr'><strong>Saturninus</strong></span> <span class='ocrx_word' id='word_1_153' title='bbox 1040 1876 1082 1943; x_wconf 93' lang='lat' dir='ltr'><strong>C.</strong></span> <span class='ocrx_word' id='word_1_154' title='bbox 1105 1878 1292 1941; x_wconf 86' lang='lat' dir='ltr'><strong>Memmium</strong></span> <span class='ocrx_word' id='word_1_155' title='bbox 1316 1899 1390 1939; x_wconf 84' lang='lat' dir='ltr'><strong>enn-</strong></span> 
     </span>
     <span class='ocr_line' id='line_1_17' title="bbox 84 1964 1389 2055; baseline 0.008 -32"><span class='ocrx_word' id='word_1_156' title='bbox 84 1964 202 2026; x_wconf 81' lang='lat' dir='ltr'><strong>rlidatmn</strong></span> <span class='ocrx_word' id='word_1_157' title='bbox 240 1969 422 2031; x_wconf 85' lang='lat' dir='ltr'><strong>consulatus</strong></span> <span class='ocrx_word' id='word_1_158' title='bbox 458 1970 691 2043; x_wconf 79' lang='lat' dir='ltr'><strong>interfecisset,</strong></span> <span class='ocrx_word' id='word_1_159' title='bbox 727 1978 921 2055; x_wconf 85' lang='lat' dir='ltr'><strong>operamque</strong></span> <span class='ocrx_word' id='word_1_160' title='bbox 955 1975 1062 2049; x_wconf 88' lang='lat' dir='ltr'><strong>daret,</strong></span> <span class='ocrx_word' id='word_1_161' title='bbox 1101 1984 1134 2035; x_wconf 93' lang='lat' dir='ltr'><strong>nt</strong></span> <span class='ocrx_word' id='word_1_162' title='bbox 1168 1971 1209 2035; x_wconf 93' lang='lat' dir='ltr'><strong>C.</strong></span> <span class='ocrx_word' id='word_1_163' title='bbox 1233 1971 1389 2034; x_wconf 86' lang='lat' dir='ltr'><strong>Servilius</strong></span> 
     </span>
     <span class='ocr_line' id='line_1_18' title="bbox 85 2058 1392 2142; baseline 0.005 -21"><span class='ocrx_word' id='word_1_164' title='bbox 85 2058 219 2135; x_wconf 83' lang='lat' dir='ltr'><strong>Glaucia,</strong></span> <span class='ocrx_word' id='word_1_165' title='bbox 248 2075 401 2142; x_wconf 88' lang='lat' dir='ltr'><strong>praetor,</strong></span> <span class='ocrx_word' id='word_1_166' title='bbox 434 2065 544 2125; x_wconf 91' lang='lat' dir='ltr'><strong>consul</strong></span> <span class='ocrx_word' id='word_1_167' title='bbox 574 2065 680 2138; x_wconf 84' lang='lat' dir='ltr'><strong>lieret,</strong></span> <span class='ocrx_word' id='word_1_168' title='bbox 713 2066 749 2127; x_wconf 89' lang='lat' dir='ltr'><strong>S.</strong></span> <span class='ocrx_word' id='word_1_169' title='bbox 773 2064 814 2129; x_wconf 95' lang='lat' dir='ltr'><strong>C.</strong></span> <span class='ocrx_word' id='word_1_170' title='bbox 839 2066 956 2128; x_wconf 86' lang='lat' dir='ltr'><strong>sactum</strong></span> <span class='ocrx_word' id='word_1_171' title='bbox 980 2078 1042 2141; x_wconf 91' lang='lat' dir='ltr'><strong>est,</strong></span> <span class='ocrx_word' id='word_1_172' title='bbox 1073 2077 1106 2128; x_wconf 90' lang='lat' dir='ltr'><strong>nt</strong></span> <span class='ocrx_word' id='word_1_173' title='bbox 1133 2065 1278 2128; x_wconf 89' lang='lat' dir='ltr'><strong>consules</strong></span> <span class='ocrx_word' id='word_1_174' title='bbox 1304 2065 1392 2128; x_wconf 80' lang='lat' dir='ltr'><strong>vidc-</strong></span> 
     </span>
     <span class='ocr_line' id='line_1_19' title="bbox 85 2156 1390 2245; baseline 0.008 -35"><span class='ocrx_word' id='word_1_175' title='bbox 85 2162 160 2224; x_wconf 83' lang='lat' dir='ltr'><strong>rent‚</strong></span> <span class='ocrx_word' id='word_1_176' title='bbox 192 2175 229 2217; x_wconf 87' lang='lat' dir='ltr'><strong>ne</strong></span> <span class='ocrx_word' id='word_1_177' title='bbox 259 2156 334 2238; x_wconf 86' lang='lat' dir='ltr'><strong>quid</strong></span> <span class='ocrx_word' id='word_1_178' title='bbox 366 2178 417 2220; x_wconf 87' lang='lat' dir='ltr'><strong>res</strong></span> <span class='ocrx_word' id='word_1_179' title='bbox 445 2157 571 2239; x_wconf 88' lang='lat' dir='ltr'><strong>publica</strong></span> <span class='ocrx_word' id='word_1_180' title='bbox 602 2157 780 2245; x_wconf 73' lang='lat' dir='ltr'><strong>aletrimenti</strong></span> <span class='ocrx_word' id='word_1_181' title='bbox 806 2172 945 2240; x_wconf 86' lang='lat' dir='ltr'><strong>caperet.</strong></span> <span class='ocrx_word' id='word_1_182' title='bbox 1001 2161 1114 2243; x_wconf 90' lang='lat' dir='ltr'><strong>Itaque</strong></span> <span class='ocrx_word' id='word_1_183' title='bbox 1143 2158 1329 2221; x_wconf 85' lang='lat' dir='ltr'><strong>Saturninus</strong></span> <span class='ocrx_word' id='word_1_184' title='bbox 1357 2169 1390 2221; x_wconf 87' lang='lat' dir='ltr'><strong>et</strong></span> 
     </span>
     <span class='ocr_line' id='line_1_20' title="bbox 86 2244 1387 2333; baseline 0.008 -29"><span class='ocrx_word' id='word_1_185' title='bbox 86 2244 199 2308; x_wconf 83' lang='lat' dir='ltr'><strong>Glaucia</strong></span> <span class='ocrx_word' id='word_1_186' title='bbox 222 2250 326 2311; x_wconf 87' lang='lat' dir='ltr'><strong>statim</strong></span> <span class='ocrx_word' id='word_1_187' title='bbox 349 2263 421 2313; x_wconf 77' lang='lat' dir='ltr'><strong>saint</strong></span> <span class='ocrx_word' id='word_1_188' title='bbox 442 2252 614 2314; x_wconf 81' lang='lat' dir='ltr'><strong>interlecti.</strong></span> <span class='ocrx_word' id='word_1_189' title='bbox 655 2252 771 2316; x_wconf 90' lang='lat' dir='ltr'><strong>Cicero</strong></span> <span class='ocrx_word' id='word_1_190' title='bbox 785 2274 856 2332; x_wconf 72' lang='lat' dir='ltr'><strong>vpro</strong></span> <span class='ocrx_word' id='word_1_191' title='bbox 881 2251 1034 2327; x_wconf 87' lang='lat' dir='ltr'><strong>Rabirio,</strong></span> <span class='ocrx_word' id='word_1_192' title='bbox 1059 2274 1130 2333; x_wconf 87' lang='lat' dir='ltr'><strong>cap.</strong></span> <span class='ocrx_word' id='word_1_193' title='bbox 1147 2257 1179 2314; x_wconf 88' lang='grc'><strong>7.</strong></span> <span class='ocrx_word' id='word_1_194' title='bbox 1202 2252 1233 2314; x_wconf 91' lang='lat' dir='ltr'><strong>in</strong></span> <span class='ocrx_word' id='word_1_195' title='bbox 1258 2251 1387 2316; x_wconf 86' lang='lat' dir='ltr'><strong>Catilio.</strong></span> 
     </span>
     <span class='ocr_line' id='line_1_21' title="bbox 86 2336 1390 2427; baseline 0.006 -29"><span class='ocrx_word' id='word_1_196' title='bbox 86 2336 111 2398; x_wconf 92' lang='lat' dir='ltr'><strong>I.</strong></span> <span class='ocrx_word' id='word_1_197' title='bbox 131 2361 194 2421; x_wconf 87' lang='lat' dir='ltr'><strong>cap.</strong></span> <span class='ocrx_word' id='word_1_198' title='bbox 211 2343 243 2404; x_wconf 78' lang='grc'><strong>9.</strong></span> <span class='ocrx_word' id='word_1_199' title='bbox 267 2345 411 2426; x_wconf 84' lang='lat' dir='ltr'><strong>Philipp.</strong></span> <span class='ocrx_word' id='word_1_200' title='bbox 431 2346 532 2409; x_wconf 90' lang='lat' dir='ltr'><strong>VIII.</strong></span> <span class='ocrx_word' id='word_1_201' title='bbox 556 2368 626 2427; x_wconf 89' lang='lat' dir='ltr'><strong>rap.</strong></span> <span class='ocrx_word' id='word_1_202' title='bbox 643 2349 674 2408; x_wconf 76' lang='grc' dir='ltr'><strong>ὁ.</strong></span> <span class='ocrx_word' id='word_1_203' title='bbox 699 2361 729 2411; x_wconf 89' lang='lat' dir='ltr'><strong>et</strong></span> <span class='ocrx_word' id='word_1_204' title='bbox 745 2348 774 2408; x_wconf 91' lang='lat' dir='ltr'><strong>in</strong></span> <span class='ocrx_word' id='word_1_205' title='bbox 792 2348 913 2420; x_wconf 90' lang='lat' dir='ltr'><strong>Bruto,</strong></span> <span class='ocrx_word' id='word_1_206' title='bbox 938 2366 1009 2427; x_wconf 89' lang='lat' dir='ltr'><strong>cap.</strong></span> <span class='ocrx_word' id='word_1_207' title='bbox 1027 2346 1079 2406; x_wconf 82' lang='lat'><strong>60.</strong></span> <span class='ocrx_word' id='word_1_208' title='bbox 1114 2345 1275 2406; x_wconf 86' lang='lat' dir='ltr'><strong>Saturnini</strong></span> <span class='ocrx_word' id='word_1_209' title='bbox 1297 2355 1390 2426; x_wconf 90' lang='lat' dir='ltr'><strong>caput</strong></span> 
     </span>
     <span class='ocr_line' id='line_1_22' title="bbox 87 2430 1390 2522; baseline 0.006 -31"><span class='ocrx_word' id='word_1_210' title='bbox 87 2430 233 2496; x_wconf 83' lang='lat' dir='ltr'><strong>Rabirium</strong></span> <span class='ocrx_word' id='word_1_211' title='bbox 262 2442 414 2521; x_wconf 85' lang='lat' dir='ltr'><strong>quendam</strong></span> <span class='ocrx_word' id='word_1_212' title='bbox 445 2452 621 2501; x_wconf 89' lang='lat' dir='ltr'><strong>senatorem</strong></span> <span class='ocrx_word' id='word_1_213' title='bbox 651 2463 708 2522; x_wconf 88' lang='lat' dir='ltr'><strong>per</strong></span> <span class='ocrx_word' id='word_1_214' title='bbox 738 2440 884 2504; x_wconf 83' lang='lat' dir='ltr'><strong>convivia</strong></span> <span class='ocrx_word' id='word_1_215' title='bbox 913 2437 1157 2511; x_wconf 85' lang='lat' dir='ltr'><strong>circumtulisse,</strong></span> <span class='ocrx_word' id='word_1_216' title='bbox 1193 2439 1319 2500; x_wconf 88' lang='lat' dir='ltr'><strong>Auctor</strong></span> <span class='ocrx_word' id='word_1_217' title='bbox 1352 2439 1390 2499; x_wconf 87' lang='lat' dir='ltr'><strong>de</strong></span> 
     </span>
     <span class='ocr_line' id='line_1_23' title="bbox 92 2524 1387 2615; baseline 0.006 -30"><span class='ocrx_word' id='word_1_218' title='bbox 92 2524 151 2586; x_wconf 78' lang='lat' dir='ltr'><strong>airis</strong></span> <span class='ocrx_word' id='word_1_219' title='bbox 174 2528 347 2592; x_wconf 90' lang='lat' dir='ltr'><strong>illustribus</strong></span> <span class='ocrx_word' id='word_1_220' title='bbox 376 2532 503 2608; x_wconf 89' lang='lat' dir='ltr'><strong>scribit,</strong></span> <span class='ocrx_word' id='word_1_221' title='bbox 535 2556 606 2615; x_wconf 87' lang='lat' dir='ltr'><strong>cap.</strong></span> <span class='ocrx_word' id='word_1_222' title='bbox 632 2536 684 2598; x_wconf 77' lang='lat'><strong>73.</strong></span> <span class='ocrx_word' id='word_1_223' title='bbox 730 2536 838 2615; x_wconf 86' lang='lat' dir='ltr'><strong>Quare</strong></span> <span class='ocrx_word' id='word_1_224' title='bbox 866 2545 976 2615; x_wconf 90' lang='lat' dir='ltr'><strong>postea</strong></span> <span class='ocrx_word' id='word_1_225' title='bbox 1007 2530 1166 2597; x_wconf 90' lang='lat' dir='ltr'><strong>Cicerone</strong></span> <span class='ocrx_word' id='word_1_226' title='bbox 1192 2529 1323 2593; x_wconf 89' lang='lat' dir='ltr'><strong>consule</strong></span> <span class='ocrx_word' id='word_1_227' title='bbox 1346 2527 1387 2593; x_wconf 92' lang='lat' dir='ltr'><strong>C.</strong></span> 
     </span>
     <span class='ocr_line' id='line_1_24' title="bbox 92 2617 1388 2709; baseline 0.007 -31"><span class='ocrx_word' id='word_1_228' title='bbox 92 2617 216 2684; x_wconf 85' lang='lat' dir='ltr'><strong>Rabirius</strong></span> <span class='ocrx_word' id='word_1_229' title='bbox 238 2636 403 2689; x_wconf 84' lang='lat' dir='ltr'><strong>accusatus</strong></span> <span class='ocrx_word' id='word_1_230' title='bbox 426 2627 485 2688; x_wconf 85' lang='lat' dir='ltr'><strong>luit</strong></span> <span class='ocrx_word' id='word_1_231' title='bbox 507 2650 523 2688; x_wconf 89' lang='lat' dir='ltr'><strong>a</strong></span> <span class='ocrx_word' id='word_1_232' title='bbox 548 2631 589 2691; x_wconf 77' lang='lat' dir='ltr'><strong>T.</strong></span> <span class='ocrx_word' id='word_1_233' title='bbox 614 2630 779 2704; x_wconf 88' lang='lat' dir='ltr'><strong>Labieno,</strong></span> <span class='ocrx_word' id='word_1_234' title='bbox 803 2628 889 2689; x_wconf 80' lang='lat' dir='ltr'><strong>carius</strong></span> <span class='ocrx_word' id='word_1_235' title='bbox 912 2640 1043 2709; x_wconf 88' lang='lat' dir='ltr'><strong>patruus</strong></span> <span class='ocrx_word' id='word_1_236' title='bbox 1068 2626 1109 2706; x_wconf 92' lang='lat' dir='ltr'><strong>Q.</strong></span> <span class='ocrx_word' id='word_1_237' title='bbox 1135 2625 1294 2687; x_wconf 87' lang='lat' dir='ltr'><strong>Labienus</strong></span> <span class='ocrx_word' id='word_1_238' title='bbox 1317 2645 1388 2687; x_wconf 87' lang='lat' dir='ltr'><strong>eum</strong></span> 
     </span>
     <span class='ocr_line' id='line_1_25' title="bbox 90 2710 1388 2804; baseline 0.009 -33"><span class='ocrx_word' id='word_1_239' title='bbox 90 2710 237 2780; x_wconf 82' lang='lat' dir='ltr'><strong>Saturnino</strong></span> <span class='ocrx_word' id='word_1_240' title='bbox 261 2719 386 2783; x_wconf 86' lang='lat' dir='ltr'><strong>occisus</strong></span> <span class='ocrx_word' id='word_1_241' title='bbox 408 2721 524 2786; x_wconf 86' lang='lat' dir='ltr'><strong>Inerat.</strong></span> <span class='ocrx_word' id='word_1_242' title='bbox 561 2721 680 2786; x_wconf 89' lang='lat' dir='ltr'><strong>Cicero</strong></span> <span class='ocrx_word' id='word_1_243' title='bbox 696 2746 757 2804; x_wconf 88' lang='lat' dir='ltr'><strong>pro</strong></span> <span class='ocrx_word' id='word_1_244' title='bbox 775 2722 922 2796; x_wconf 87' lang='lat' dir='ltr'><strong>Rabirio,</strong></span> <span class='ocrx_word' id='word_1_245' title='bbox 948 2718 1084 2786; x_wconf 89' lang='lat' dir='ltr'><strong>Orosius</strong></span> <span class='ocrx_word' id='word_1_246' title='bbox 1107 2718 1161 2782; x_wconf 93' lang='lat' dir='ltr'><strong>lib.</strong></span> <span class='ocrx_word' id='word_1_247' title='bbox 1177 2721 1222 2783; x_wconf 88' lang='lat' dir='ltr'><strong>V.</strong></span> <span class='ocrx_word' id='word_1_248' title='bbox 1246 2741 1317 2801; x_wconf 88' lang='lat' dir='ltr'><strong>cap.</strong></span> <span class='ocrx_word' id='word_1_249' title='bbox 1335 2721 1388 2783; x_wconf 88' lang='grc'><strong>17.</strong></span> 
     </span>
    </p>
   </div>
   <div class='ocr_carea' id='block_1_4' title="bbox 87 2804 1389 3087">
    <p class='ocr_par' dir='ltr' id='par_1_4' title="bbox 87 2804 1389 3087">
     <span class='ocr_line' id='line_1_26' title="bbox 90 2804 1389 2899; baseline 0.008 -34"><span class='ocrx_word' id='word_1_250' title='bbox 90 2804 113 2866; x_wconf 88' lang='lat' dir='ltr'><strong>A</strong></span> <span class='ocrx_word' id='word_1_251' title='bbox 127 2808 283 2873; x_wconf 87' lang='lat' dir='ltr'><strong>Saturnino</strong></span> <span class='ocrx_word' id='word_1_252' title='bbox 308 2814 388 2875; x_wconf 88' lang='lat' dir='ltr'><strong>latae</strong></span> <span class='ocrx_word' id='word_1_253' title='bbox 411 2824 482 2875; x_wconf 79' lang='lat' dir='ltr'><strong>saint</strong></span> <span class='ocrx_word' id='word_1_254' title='bbox 504 2814 592 2898; x_wconf 80' lang='lat' dir='ltr'><strong>leges</strong></span> <span class='ocrx_word' id='word_1_255' title='bbox 612 2816 811 2897; x_wconf 88' lang='lat' dir='ltr'><strong>Appuleiae,</strong></span> <span class='ocrx_word' id='word_1_256' title='bbox 835 2817 865 2879; x_wconf 90' lang='lat' dir='ltr'><strong>in</strong></span> <span class='ocrx_word' id='word_1_257' title='bbox 890 2816 1003 2899; x_wconf 91' lang='lat' dir='ltr'><strong>quibus</strong></span> <span class='ocrx_word' id='word_1_258' title='bbox 1025 2814 1084 2876; x_wconf 83' lang='lat' dir='ltr'><strong>snit</strong></span> <span class='ocrx_word' id='word_1_259' title='bbox 1105 2813 1174 2888; x_wconf 88' lang='lat' dir='ltr'><strong>illa,</strong></span> <span class='ocrx_word' id='word_1_260' title='bbox 1200 2835 1259 2897; x_wconf 91' lang='lat' dir='ltr'><strong>qna</strong></span> <span class='ocrx_word' id='word_1_261' title='bbox 1278 2815 1389 2875; x_wconf 85' lang='lat' dir='ltr'><strong>Satur·</strong></span> 
     </span>
     <span class='ocr_line' id='line_1_27' title="bbox 90 2900 1389 2993; baseline 0.008 -35"><span class='ocrx_word' id='word_1_262' title='bbox 90 2900 345 2971; x_wconf 64' lang='lat' dir='ltr'><strong>„taratonlano</strong></span> <span class='ocrx_word' id='word_1_263' title='bbox 368 2908 457 2982; x_wconf 90' lang='lat' dir='ltr'><strong>tulit,</strong></span> <span class='ocrx_word' id='word_1_264' title='bbox 483 2922 515 2971; x_wconf 91' lang='lat' dir='ltr'><strong>ut</strong></span> <span class='ocrx_word' id='word_1_265' title='bbox 537 2911 567 2971; x_wconf 91' lang='lat' dir='ltr'><strong>in</strong></span> <span class='ocrx_word' id='word_1_266' title='bbox 591 2910 729 2993; x_wconf 84' lang='lat' dir='ltr'><strong>singulas</strong></span> <span class='ocrx_word' id='word_1_267' title='bbox 754 2910 894 2972; x_wconf 90' lang='lat' dir='ltr'><strong>colonias</strong></span> <span class='ocrx_word' id='word_1_268' title='bbox 918 2922 1026 2973; x_wconf 88' lang='lat' dir='ltr'><strong>ternos</strong></span> <span class='ocrx_word' id='word_1_269' title='bbox 1049 2907 1133 2970; x_wconf 84' lang='lat' dir='ltr'><strong>eires</strong></span> <span class='ocrx_word' id='word_1_270' title='bbox 1158 2909 1319 2973; x_wconf 84' lang='lat' dir='ltr'><strong>Romanos</strong></span> <span class='ocrx_word' id='word_1_271' title='bbox 1341 2907 1389 2969; x_wconf 83' lang='lat' dir='ltr'><strong>sa·</strong></span> 
     </span>
     <span class='ocr_line' id='line_1_28' title="bbox 87 3003 962 3087; baseline 0.011 -31"><span class='ocrx_word' id='word_1_272' title='bbox 87 3016 150 3057; x_wconf 85' lang='lat' dir='ltr'><strong>cere</strong></span> <span class='ocrx_word' id='word_1_273' title='bbox 167 3013 287 3080; x_wconf 88' lang='lat' dir='ltr'><strong>posset,</strong></span> <span class='ocrx_word' id='word_1_274' title='bbox 312 3005 350 3064; x_wconf 85' lang='lat' dir='ltr'><strong>de</strong></span> <span class='ocrx_word' id='word_1_275' title='bbox 374 3024 433 3087; x_wconf 88' lang='lat' dir='ltr'><strong>qna</strong></span> <span class='ocrx_word' id='word_1_276' title='bbox 459 3003 576 3067; x_wconf 89' lang='lat' dir='ltr'><strong>Cicero</strong></span> <span class='ocrx_word' id='word_1_277' title='bbox 600 3025 660 3086; x_wconf 92' lang='lat' dir='ltr'><strong>pro</strong></span> <span class='ocrx_word' id='word_1_278' title='bbox 685 3004 787 3068; x_wconf 89' lang='lat' dir='ltr'><strong>Balbo</strong></span> <span class='ocrx_word' id='word_1_279' title='bbox 811 3025 882 3086; x_wconf 87' lang='lat' dir='ltr'><strong>cap.</strong></span> <span class='ocrx_word' id='word_1_280' title='bbox 909 3005 962 3066; x_wconf 75' lang='lat' dir='ltr'><strong>tt.</strong></span> 
     </span>
    </p>
   </div>
   <div class='ocr_carea' id='block_1_5' title="bbox 194 3225 1260 3468">
    <p class='ocr_par' dir='ltr' id='par_1_5' title="bbox 194 3225 1260 3468">
     <span class='ocr_line' id='line_1_29' title="bbox 224 3225 1231 3318; baseline -0.003 -26"><span class='ocrx_word' id='word_1_281' title='bbox 224 3231 326 3292; x_wconf 73' lang='lat' dir='ltr'><strong>Anno</strong></span> <span class='ocrx_word' id='word_1_282' title='bbox 349 3229 450 3292; x_wconf 69' lang='lat' dir='ltr'><strong>oran</strong></span> <span class='ocrx_word' id='word_1_283' title='bbox 471 3232 629 3295; x_wconf 71' lang='lat' dir='ltr'><strong>nestas.</strong></span> <span class='ocrx_word' id='word_1_284' title='bbox 654 3230 827 3295; x_wconf 71' lang='lat' dir='ltr'><strong>cte-aronis</strong></span> <span class='ocrx_word' id='word_1_285' title='bbox 849 3232 948 3295; x_wconf 78' lang='lat' dir='ltr'><strong>Vm.</strong></span> <span class='ocrx_word' id='word_1_286' title='bbox 971 3249 1060 3291; x_wconf 72' lang='lat' dir='ltr'><strong>aaa.</strong></span> <span class='ocrx_word' id='word_1_287' title='bbox 1070 3225 1231 3318; x_wconf 61' lang='lat' dir='ltr'><strong>fiaes-ant</strong></span> 
     </span>
     <span class='ocr_line' id='line_1_30' title="bbox 194 3367 1260 3468; baseline -0.001 -25"><span class='ocrx_word' id='word_1_288' title='bbox 194 3368 242 3443; x_wconf 85' lang='lat' dir='ltr'><strong>n.</strong></span> <span class='ocrx_word' id='word_1_289' title='bbox 285 3370 562 3468; x_wconf 75' lang='lat' dir='ltr'><strong>ANTONIUS,</strong></span> <span class='ocrx_word' id='word_1_290' title='bbox 607 3378 650 3446; x_wconf 80' lang='lat' dir='ltr'><strong>n.</strong></span> <span class='ocrx_word' id='word_1_291' title='bbox 697 3370 986 3448; x_wconf 81' lang='lat' dir='ltr'><strong>POSTUMIUS</strong></span> <span class='ocrx_word' id='word_1_292' title='bbox 1030 3367 1260 3444; x_wconf 78' lang='lat' dir='ltr'><strong>ALBINUS.</strong></span> 
     </span>
    </p>
   </div>
   <div class='ocr_carea' id='block_1_6' title="bbox 5 3523 1390 4825">
    <p class='ocr_par' dir='ltr' id='par_1_6' title="bbox 5 3523 1390 4825">
     <span class='ocr_line' id='line_1_31' title="bbox 157 3523 1390 3609; baseline -0.002 -20"><span class='ocrx_word' id='word_1_293' title='bbox 157 3525 202 3589; x_wconf 77' lang='lat' dir='ltr'><strong>lte</strong></span> <span class='ocrx_word' id='word_1_294' title='bbox 216 3526 264 3588; x_wconf 87' lang='lat' dir='ltr'><strong>bis</strong></span> <span class='ocrx_word' id='word_1_295' title='bbox 278 3525 395 3591; x_wconf 87' lang='lat' dir='ltr'><strong>Cicero</strong></span> <span class='ocrx_word' id='word_1_296' title='bbox 410 3530 441 3590; x_wconf 91' lang='lat' dir='ltr'><strong>iu</strong></span> <span class='ocrx_word' id='word_1_297' title='bbox 460 3529 554 3591; x_wconf 86' lang='lat' dir='ltr'><strong>Orat.</strong></span> <span class='ocrx_word' id='word_1_298' title='bbox 578 3540 652 3608; x_wconf 91' lang='lat' dir='ltr'><strong>post</strong></span> <span class='ocrx_word' id='word_1_299' title='bbox 674 3530 807 3590; x_wconf 89' lang='lat' dir='ltr'><strong>reditum</strong></span> <span class='ocrx_word' id='word_1_300' title='bbox 832 3531 868 3589; x_wconf 84' lang='lat' dir='ltr'><strong>ml</strong></span> <span class='ocrx_word' id='word_1_301' title='bbox 885 3526 1024 3608; x_wconf 85' lang='lat' dir='ltr'><strong>Quirites</strong></span> <span class='ocrx_word' id='word_1_302' title='bbox 1048 3548 1118 3607; x_wconf 87' lang='lat' dir='ltr'><strong>cap.</strong></span> <span class='ocrx_word' id='word_1_303' title='bbox 1137 3526 1167 3589; x_wconf 82' lang='lat'><strong>5.</strong></span> <span class='ocrx_word' id='word_1_304' title='bbox 1200 3523 1390 3609; x_wconf 76' lang='lat' dir='ltr'><strong>Nunquam</strong></span> 
     </span>
     <span class='ocr_line' id='line_1_32' title="bbox 5 3617 1388 3705; baseline 0.001 -27"><span class='ocrx_word' id='word_1_305' title='bbox 5 3620 6 3627; x_wconf 74' lang='grc'>’</span> <span class='ocrx_word' id='word_1_306' title='bbox 82 3617 118 3678; x_wconf 79' lang='lat' dir='ltr'><strong>cle</strong></span> <span class='ocrx_word' id='word_1_307' title='bbox 137 3621 174 3701; x_wconf 87' lang='lat' dir='ltr'><strong>Q.</strong></span> <span class='ocrx_word' id='word_1_308' title='bbox 189 3621 328 3685; x_wconf 82' lang='lat' dir='ltr'><strong>Metello</strong></span> <span class='ocrx_word' id='word_1_309' title='bbox 352 3624 389 3684; x_wconf 82' lang='lat' dir='ltr'><strong>C.</strong></span> <span class='ocrx_word' id='word_1_310' title='bbox 405 3621 568 3693; x_wconf 78' lang='lat' dir='ltr'><strong>Marius,</strong></span> <span class='ocrx_word' id='word_1_311' title='bbox 591 3622 649 3705; x_wconf 79' lang='lat' dir='ltr'><strong>qui</strong></span> <span class='ocrx_word' id='word_1_312' title='bbox 666 3634 741 3683; x_wconf 82' lang='lat' dir='ltr'><strong>erat</strong></span> <span class='ocrx_word' id='word_1_313' title='bbox 758 3620 935 3692; x_wconf 62' lang='lat' dir='ltr'><strong>inimicum</strong></span> <span class='ocrx_word' id='word_1_314' title='bbox 956 3620 1018 3682; x_wconf 84' lang='lat' dir='ltr'><strong>sed</strong></span> <span class='ocrx_word' id='word_1_315' title='bbox 1037 3641 1079 3681; x_wconf 86' lang='lat' dir='ltr'><strong>ne</strong></span> <span class='ocrx_word' id='word_1_316' title='bbox 1102 3620 1132 3682; x_wconf 84' lang='lat' dir='ltr'><strong>is</strong></span> <span class='ocrx_word' id='word_1_317' title='bbox 1151 3619 1304 3703; x_wconf 76' lang='lat' dir='ltr'><strong>quictem,</strong></span> <span class='ocrx_word' id='word_1_318' title='bbox 1330 3618 1388 3701; x_wconf 82' lang='lat' dir='ltr'><strong>qni</strong></span> 
     </span>
     <span class='ocr_line' id='line_1_33' title="bbox 82 3713 1388 3797; baseline 0.001 -27"><span class='ocrx_word' id='word_1_319' title='bbox 82 3726 201 3776; x_wconf 75' lang='lat' dir='ltr'><strong>uranus</strong></span> <span class='ocrx_word' id='word_1_320' title='bbox 220 3727 289 3787; x_wconf 83' lang='lat' dir='ltr'><strong>est,</strong></span> <span class='ocrx_word' id='word_1_321' title='bbox 317 3718 374 3778; x_wconf 89' lang='lat' dir='ltr'><strong>M.</strong></span> <span class='ocrx_word' id='word_1_322' title='bbox 396 3715 587 3788; x_wconf 83' lang='lat' dir='ltr'><strong>Antonias,</strong></span> <span class='ocrx_word' id='word_1_323' title='bbox 623 3718 724 3778; x_wconf 81' lang='lat' dir='ltr'><strong>laomo</strong></span> <span class='ocrx_word' id='word_1_324' title='bbox 747 3713 1061 3797; x_wconf 83' lang='lat' dir='ltr'><strong>eloquentissimus,</strong></span> <span class='ocrx_word' id='word_1_325' title='bbox 1097 3734 1174 3773; x_wconf 86' lang='lat' dir='ltr'><strong>cnm</strong></span> <span class='ocrx_word' id='word_1_326' title='bbox 1195 3716 1240 3775; x_wconf 88' lang='lat' dir='ltr'><strong>A.</strong></span> <span class='ocrx_word' id='word_1_327' title='bbox 1263 3713 1388 3775; x_wconf 79' lang='lat' dir='ltr'><strong>Albino</strong></span> 
     </span>
     <span class='ocr_line' id='line_1_34' title="bbox 83 3805 1390 3890; baseline -0.002 -25"><span class='ocrx_word' id='word_1_328' title='bbox 83 3808 195 3889; x_wconf 77' lang='lat' dir='ltr'><strong>collega</strong></span> <span class='ocrx_word' id='word_1_329' title='bbox 215 3820 373 3872; x_wconf 78' lang='lat' dir='ltr'><strong>sanatam</strong></span> <span class='ocrx_word' id='word_1_330' title='bbox 394 3820 456 3869; x_wconf 75' lang='lat' dir='ltr'><strong>aar</strong></span> <span class='ocrx_word' id='word_1_331' title='bbox 475 3811 642 3890; x_wconf 81' lang='lat' dir='ltr'><strong>populum</strong></span> <span class='ocrx_word' id='word_1_332' title='bbox 664 3820 714 3871; x_wconf 85' lang='lat' dir='ltr'><strong>est</strong></span> <span class='ocrx_word' id='word_1_333' title='bbox 729 3811 939 3870; x_wconf 73' lang='lat' dir='ltr'><strong>cohortatus.</strong></span> <span class='ocrx_word' id='word_1_334' title='bbox 988 3808 1063 3869; x_wconf 84' lang='lat' dir='ltr'><strong>Hoc</strong></span> <span class='ocrx_word' id='word_1_335' title='bbox 1087 3818 1187 3867; x_wconf 74' lang='lat' dir='ltr'><strong>tanuen</strong></span> <span class='ocrx_word' id='word_1_336' title='bbox 1211 3827 1292 3866; x_wconf 89' lang='lat' dir='ltr'><strong>anno</strong></span> <span class='ocrx_word' id='word_1_337' title='bbox 1317 3805 1390 3864; x_wconf 77' lang='lat' dir='ltr'><strong>sle-</strong></span> 
     </span>
     <span class='ocr_line' id='line_1_35' title="bbox 85 3896 1386 3983; baseline -0.001 -26"><span class='ocrx_word' id='word_1_338' title='bbox 85 3899 160 3960; x_wconf 85' lang='lat' dir='ltr'><strong>lcllus</strong></span> <span class='ocrx_word' id='word_1_339' title='bbox 181 3901 268 3963; x_wconf 82' lang='lat' dir='ltr'><strong>arrrins</strong></span> <span class='ocrx_word' id='word_1_340' title='bbox 292 3901 410 3963; x_wconf 89' lang='lat' dir='ltr'><strong>tribuni</strong></span> <span class='ocrx_word' id='word_1_341' title='bbox 430 3902 474 3982; x_wconf 94' lang='lat' dir='ltr'><strong>pl.</strong></span> <span class='ocrx_word' id='word_1_342' title='bbox 493 3901 659 3983; x_wconf 78' lang='lat' dir='ltr'><strong>rogatione</strong></span> <span class='ocrx_word' id='word_1_343' title='bbox 679 3904 717 3962; x_wconf 88' lang='lat' dir='ltr'><strong>ab</strong></span> <span class='ocrx_word' id='word_1_344' title='bbox 734 3901 828 3962; x_wconf 85' lang='lat' dir='ltr'><strong>exilio</strong></span> <span class='ocrx_word' id='word_1_345' title='bbox 845 3911 1011 3962; x_wconf 87' lang='lat' dir='ltr'><strong>revocatus</strong></span> <span class='ocrx_word' id='word_1_346' title='bbox 1026 3910 1090 3971; x_wconf 90' lang='lat' dir='ltr'><strong>est,</strong></span> <span class='ocrx_word' id='word_1_347' title='bbox 1117 3897 1209 3978; x_wconf 85' lang='lat' dir='ltr'><strong>epist.</strong></span> <span class='ocrx_word' id='word_1_348' title='bbox 1228 3898 1258 3960; x_wconf 84' lang='grc'><strong>9.</strong></span> <span class='ocrx_word' id='word_1_349' title='bbox 1283 3896 1338 3956; x_wconf 94' lang='lat' dir='ltr'><strong>lib.</strong></span> <span class='ocrx_word' id='word_1_350' title='bbox 1356 3896 1386 3956; x_wconf 90' lang='lat' dir='ltr'><strong>I.</strong></span> 
     </span>
     <span class='ocr_line' id='line_1_36' title="bbox 83 3991 1385 4076; baseline -0.002 -24"><span class='ocrx_word' id='word_1_351' title='bbox 83 3994 114 4053; x_wconf 83' lang='lat' dir='ltr'><strong>ad</strong></span> <span class='ocrx_word' id='word_1_352' title='bbox 134 3994 238 4057; x_wconf 86' lang='lat' dir='ltr'><strong>Famil.</strong></span> <span class='ocrx_word' id='word_1_353' title='bbox 271 3996 433 4056; x_wconf 84' lang='lat' dir='ltr'><strong>&#39;I&#39;ribmms</strong></span> <span class='ocrx_word' id='word_1_354' title='bbox 456 3996 513 4057; x_wconf 88' lang='lat' dir='ltr'><strong>luit</strong></span> <span class='ocrx_word' id='word_1_355' title='bbox 537 3996 580 4076; x_wconf 92' lang='lat' dir='ltr'><strong>Q.</strong></span> <span class='ocrx_word' id='word_1_356' title='bbox 598 3994 738 4059; x_wconf 84' lang='lat' dir='ltr'><strong>Calidius</strong></span> <span class='ocrx_word' id='word_1_357' title='bbox 760 4006 891 4057; x_wconf 85' lang='lat' dir='ltr'><strong>anctore</strong></span> <span class='ocrx_word' id='word_1_358' title='bbox 910 3992 1044 4056; x_wconf 86' lang='lat' dir='ltr'><strong>Valerio</strong></span> <span class='ocrx_word' id='word_1_359' title='bbox 1067 3992 1124 4054; x_wconf 92' lang='lat' dir='ltr'><strong>lib.</strong></span> <span class='ocrx_word' id='word_1_360' title='bbox 1144 3993 1189 4053; x_wconf 91' lang='lat' dir='ltr'><strong>V.</strong></span> <span class='ocrx_word' id='word_1_361' title='bbox 1215 4013 1284 4071; x_wconf 89' lang='lat' dir='ltr'><strong>cap.</strong></span> <span class='ocrx_word' id='word_1_362' title='bbox 1301 3991 1330 4064; x_wconf 80' lang='grc'><strong>9,</strong></span> <span class='ocrx_word' id='word_1_363' title='bbox 1356 3993 1385 4049; x_wconf 88' lang='grc'><strong>7.</strong></span> 
     </span>
     <span class='ocr_line' id='line_1_37' title="bbox 5 4083 1390 4170; baseline -0.004 -23"><span class='ocrx_word' id='word_1_364' title='bbox 5 4096 6 4123; x_wconf 67' lang='lat' dir='ltr'><strong>t</strong></span> <span class='ocrx_word' id='word_1_365' title='bbox 83 4083 183 4150; x_wconf 87' lang='lat' dir='ltr'><strong>Calidii</strong></span> <span class='ocrx_word' id='word_1_366' title='bbox 203 4088 276 4170; x_wconf 84' lang='lat' dir='ltr'><strong>lege</strong></span> <span class='ocrx_word' id='word_1_367' title='bbox 299 4088 342 4167; x_wconf 90' lang='lat' dir='ltr'><strong>Q.</strong></span> <span class='ocrx_word' id='word_1_368' title='bbox 366 4088 534 4151; x_wconf 85' lang='lat' dir='ltr'><strong>Metellum</strong></span> <span class='ocrx_word' id='word_1_369' title='bbox 564 4088 592 4151; x_wconf 92' lang='lat' dir='ltr'><strong>in</strong></span> <span class='ocrx_word' id='word_1_370' title='bbox 616 4089 775 4151; x_wconf 86' lang='lat' dir='ltr'><strong>civitatem</strong></span> <span class='ocrx_word' id='word_1_371' title='bbox 797 4090 975 4151; x_wconf 87' lang='lat' dir='ltr'><strong>restitutum</strong></span> <span class='ocrx_word' id='word_1_372' title='bbox 1002 4086 1097 4149; x_wconf 75' lang='lat' dir='ltr'><strong>lesisse</strong></span> <span class='ocrx_word' id='word_1_373' title='bbox 1120 4084 1238 4149; x_wconf 89' lang='lat' dir='ltr'><strong>Cicero</strong></span> <span class='ocrx_word' id='word_1_374' title='bbox 1261 4102 1390 4166; x_wconf 89' lang='lat' dir='ltr'><strong>quoquc</strong></span> 
     </span>
     <span class='ocr_line' id='line_1_38' title="bbox 5 4175 1386 4263; baseline -0.007 -20"><span class='ocrx_word' id='word_1_375' title='bbox 5 4196 6 4203; x_wconf 75' lang='grc'>’</span> <span class='ocrx_word' id='word_1_376' title='bbox 79 4198 130 4258; x_wconf 85' lang='lat' dir='ltr'><strong>pro</strong></span> <span class='ocrx_word' id='word_1_377' title='bbox 150 4181 277 4245; x_wconf 88' lang='lat' dir='ltr'><strong>Plancio</strong></span> <span class='ocrx_word' id='word_1_378' title='bbox 309 4203 381 4263; x_wconf 90' lang='lat' dir='ltr'><strong>cap.</strong></span> <span class='ocrx_word' id='word_1_379' title='bbox 405 4183 457 4244; x_wconf 74' lang='lat'><strong>28.</strong></span> <span class='ocrx_word' id='word_1_380' title='bbox 483 4182 537 4244; x_wconf 89' lang='lat' dir='ltr'><strong>ait.</strong></span> <span class='ocrx_word' id='word_1_381' title='bbox 581 4184 705 4245; x_wconf 86' lang='lat' dir='ltr'><strong>Eodem</strong></span> <span class='ocrx_word' id='word_1_382' title='bbox 736 4204 816 4243; x_wconf 78' lang='lat' dir='ltr'><strong>aurio</strong></span> <span class='ocrx_word' id='word_1_383' title='bbox 844 4181 988 4242; x_wconf 87' lang='lat' dir='ltr'><strong>tribunus</strong></span> <span class='ocrx_word' id='word_1_384' title='bbox 1018 4181 1062 4261; x_wconf 91' lang='lat' dir='ltr'><strong>pl.</strong></span> <span class='ocrx_word' id='word_1_385' title='bbox 1087 4178 1147 4242; x_wconf 84' lang='lat' dir='ltr'><strong>luit</strong></span> <span class='ocrx_word' id='word_1_386' title='bbox 1170 4178 1245 4238; x_wconf 87' lang='lat' dir='ltr'><strong>Sex.</strong></span> <span class='ocrx_word' id='word_1_387' title='bbox 1270 4175 1386 4247; x_wconf 85' lang='lat' dir='ltr'><strong>Titius,</strong></span> 
     </span>
     <span class='ocr_line' id='line_1_39' title="bbox 82 4269 1388 4348; baseline -0.004 -17"><span class='ocrx_word' id='word_1_388' title='bbox 82 4274 165 4337; x_wconf 84' lang='lat' dir='ltr'><strong>bomo</strong></span> <span class='ocrx_word' id='word_1_389' title='bbox 190 4275 356 4337; x_wconf 83' lang='lat' dir='ltr'><strong>seditiosus</strong></span> <span class='ocrx_word' id='word_1_390' title='bbox 384 4286 416 4337; x_wconf 89' lang='lat' dir='ltr'><strong>ct</strong></span> <span class='ocrx_word' id='word_1_391' title='bbox 443 4276 659 4338; x_wconf 83' lang='lat' dir='ltr'><strong>turbulentus:</strong></span> <span class='ocrx_word' id='word_1_392' title='bbox 695 4275 744 4337; x_wconf 90' lang='lat' dir='ltr'><strong>eni</strong></span> <span class='ocrx_word' id='word_1_393' title='bbox 767 4276 927 4337; x_wconf 89' lang='lat' dir='ltr'><strong>Antonius</strong></span> <span class='ocrx_word' id='word_1_394' title='bbox 955 4275 1066 4336; x_wconf 90' lang='lat' dir='ltr'><strong>consul</strong></span> <span class='ocrx_word' id='word_1_395' title='bbox 1097 4269 1230 4342; x_wconf 87' lang='lat' dir='ltr'><strong>restitit,</strong></span> <span class='ocrx_word' id='word_1_396' title='bbox 1266 4280 1299 4329; x_wconf 91' lang='lat' dir='ltr'><strong>nt</strong></span> <span class='ocrx_word' id='word_1_397' title='bbox 1322 4269 1388 4348; x_wconf 85' lang='lat' dir='ltr'><strong>ipse</strong></span> 
     </span>
     <span class='ocr_line' id='line_1_40' title="bbox 82 4360 1387 4451; baseline -0.003 -26"><span class='ocrx_word' id='word_1_398' title='bbox 82 4380 173 4430; x_wconf 83' lang='lat' dir='ltr'><strong>narrat</strong></span> <span class='ocrx_word' id='word_1_399' title='bbox 193 4369 248 4432; x_wconf 89' lang='lat' dir='ltr'><strong>lib.</strong></span> <span class='ocrx_word' id='word_1_400' title='bbox 271 4370 319 4432; x_wconf 93' lang='lat' dir='ltr'><strong>II.</strong></span> <span class='ocrx_word' id='word_1_401' title='bbox 347 4391 419 4451; x_wconf 89' lang='lat' dir='ltr'><strong>cap.</strong></span> <span class='ocrx_word' id='word_1_402' title='bbox 445 4370 497 4430; x_wconf 91' lang='grc'><strong>11.</strong></span> <span class='ocrx_word' id='word_1_403' title='bbox 529 4372 565 4430; x_wconf 89' lang='lat' dir='ltr'><strong>de</strong></span> <span class='ocrx_word' id='word_1_404' title='bbox 589 4371 749 4439; x_wconf 89' lang='lat' dir='ltr'><strong>Oratorc;</strong></span> <span class='ocrx_word' id='word_1_405' title='bbox 781 4368 831 4434; x_wconf 90' lang='lat' dir='ltr'><strong>nbi</strong></span> <span class='ocrx_word' id='word_1_406' title='bbox 863 4365 1105 4427; x_wconf 37' lang='lat' dir='ltr'><strong>aevresmnonio</strong></span> <span class='ocrx_word' id='word_1_407' title='bbox 1128 4383 1186 4424; x_wconf 91' lang='lat' dir='ltr'><strong>suo</strong></span> <span class='ocrx_word' id='word_1_408' title='bbox 1215 4361 1245 4422; x_wconf 92' lang='lat' dir='ltr'><strong>in</strong></span> <span class='ocrx_word' id='word_1_409' title='bbox 1270 4360 1387 4421; x_wconf 90' lang='lat' dir='ltr'><strong>&#39;I&#39;itimu</strong></span> 
     </span>
     <span class='ocr_line' id='line_1_41' title="bbox 82 4455 1387 4546; baseline -0.01 -19"><span class='ocrx_word' id='word_1_410' title='bbox 82 4465 252 4546; x_wconf 66' lang='lat' dir='ltr'><strong>stttmagit.</strong></span> <span class='ocrx_word' id='word_1_411' title='bbox 289 4463 364 4524; x_wconf 87' lang='lat' dir='ltr'><strong>Fuit</strong></span> <span class='ocrx_word' id='word_1_412' title='bbox 393 4463 472 4524; x_wconf 88' lang='lat' dir='ltr'><strong>enim</strong></span> <span class='ocrx_word' id='word_1_413' title='bbox 503 4464 553 4524; x_wconf 84' lang='lat' dir='ltr'><strong>lric</strong></span> <span class='ocrx_word' id='word_1_414' title='bbox 576 4462 680 4524; x_wconf 87' lang='lat' dir='ltr'><strong>&#39;I&#39;itins</strong></span> <span class='ocrx_word' id='word_1_415' title='bbox 710 4474 872 4522; x_wconf 83' lang='lat' dir='ltr'><strong>accusatus</strong></span> <span class='ocrx_word' id='word_1_416' title='bbox 902 4471 933 4520; x_wconf 92' lang='lat' dir='ltr'><strong>ct</strong></span> <span class='ocrx_word' id='word_1_417' title='bbox 956 4460 1200 4529; x_wconf 85' lang='lat' dir='ltr'><strong>condemnatus,</strong></span> <span class='ocrx_word' id='word_1_418' title='bbox 1237 4456 1322 4536; x_wconf 87' lang='lat' dir='ltr'><strong>qnod</strong></span> <span class='ocrx_word' id='word_1_419' title='bbox 1345 4455 1387 4514; x_wconf 93' lang='lat' dir='ltr'><strong>L.</strong></span> 
     </span>
     <span class='ocr_line' id='line_1_42' title="bbox 84 4546 1390 4640; baseline -0.004 -28"><span class='ocrx_word' id='word_1_420' title='bbox 84 4555 223 4617; x_wconf 83' lang='lat' dir='ltr'><strong>Saturnini</strong></span> <span class='ocrx_word' id='word_1_421' title='bbox 246 4557 410 4640; x_wconf 84' lang='lat' dir='ltr'><strong>imaginem</strong></span> <span class='ocrx_word' id='word_1_422' title='bbox 435 4556 521 4618; x_wconf 83' lang='lat' dir='ltr'><strong>domi</strong></span> <span class='ocrx_word' id='word_1_423' title='bbox 543 4578 618 4618; x_wconf 90' lang='lat' dir='ltr'><strong>snae</strong></span> <span class='ocrx_word' id='word_1_424' title='bbox 641 4553 820 4628; x_wconf 87' lang='lat' dir='ltr'><strong>balmisset,</strong></span> <span class='ocrx_word' id='word_1_425' title='bbox 847 4565 878 4613; x_wconf 91' lang='lat' dir='ltr'><strong>ut</strong></span> <span class='ocrx_word' id='word_1_426' title='bbox 901 4550 1012 4614; x_wconf 89' lang='lat' dir='ltr'><strong>scribit</strong></span> <span class='ocrx_word' id='word_1_427' title='bbox 1039 4548 1154 4613; x_wconf 88' lang='lat' dir='ltr'><strong>Cicero</strong></span> <span class='ocrx_word' id='word_1_428' title='bbox 1176 4569 1238 4629; x_wconf 92' lang='lat' dir='ltr'><strong>pro</strong></span> <span class='ocrx_word' id='word_1_429' title='bbox 1262 4546 1304 4609; x_wconf 91' lang='lat' dir='ltr'><strong>C.</strong></span> <span class='ocrx_word' id='word_1_430' title='bbox 1325 4548 1390 4609; x_wconf 88' lang='lat' dir='ltr'><strong>Ra·</strong></span> 
     </span>
     <span class='ocr_line' id='line_1_43' title="bbox 6 4637 1388 4731; baseline -0.008 -24"><span class='ocrx_word' id='word_1_431' title='bbox 6 4692 7 4707; x_wconf 68' lang='lat'><strong>.</strong></span> <span class='ocrx_word' id='word_1_432' title='bbox 82 4646 168 4721; x_wconf 90' lang='lat' dir='ltr'><strong>birio,</strong></span> <span class='ocrx_word' id='word_1_433' title='bbox 191 4672 260 4731; x_wconf 86' lang='lat' dir='ltr'><strong>cap.</strong></span> <span class='ocrx_word' id='word_1_434' title='bbox 279 4651 311 4713; x_wconf 89' lang='grc'><strong>9.</strong></span> <span class='ocrx_word' id='word_1_435' title='bbox 335 4663 365 4711; x_wconf 88' lang='lat' dir='ltr'><strong>et</strong></span> <span class='ocrx_word' id='word_1_436' title='bbox 381 4649 532 4712; x_wconf 88' lang='lat' dir='ltr'><strong>Valerius</strong></span> <span class='ocrx_word' id='word_1_437' title='bbox 556 4649 610 4711; x_wconf 92' lang='lat' dir='ltr'><strong>lib.</strong></span> <span class='ocrx_word' id='word_1_438' title='bbox 628 4650 730 4711; x_wconf 92' lang='lat' dir='ltr'><strong>VIII.</strong></span> <span class='ocrx_word' id='word_1_439' title='bbox 754 4669 824 4727; x_wconf 90' lang='lat' dir='ltr'><strong>cap.</strong></span> <span class='ocrx_word' id='word_1_440' title='bbox 843 4647 906 4721; x_wconf 74' lang='lat' dir='ltr'><strong>ta,</strong></span> <span class='ocrx_word' id='word_1_441' title='bbox 933 4644 986 4726; x_wconf 92' lang='lat' dir='ltr'><strong>qui</strong></span> <span class='ocrx_word' id='word_1_442' title='bbox 1010 4643 1052 4703; x_wconf 84' lang='lat' dir='ltr'><strong>ait</strong></span> <span class='ocrx_word' id='word_1_443' title='bbox 1075 4663 1144 4703; x_wconf 76' lang='lat' dir='ltr'><strong>erran</strong></span> <span class='ocrx_word' id='word_1_444' title='bbox 1168 4642 1239 4724; x_wconf 81' lang='lat' dir='ltr'><strong>lege</strong></span> <span class='ocrx_word' id='word_1_445' title='bbox 1262 4637 1388 4722; x_wconf 80' lang='lat' dir='ltr'><strong>agraria</strong></span> 
     </span>
     <span class='ocr_line' id='line_1_44' title="bbox 86 4728 1390 4825; baseline -0.008 -26"><span class='ocrx_word' id='word_1_446' title='bbox 86 4742 238 4817; x_wconf 77' lang='lat' dir='ltr'><strong>gratiosum</strong></span> <span class='ocrx_word' id='word_1_447' title='bbox 260 4745 373 4806; x_wconf 84' lang='lat' dir='ltr'><strong>luisse.</strong></span> <span class='ocrx_word' id='word_1_448' title='bbox 414 4745 473 4805; x_wconf 85' lang='lat' dir='ltr'><strong>Est</strong></span> <span class='ocrx_word' id='word_1_449' title='bbox 496 4763 577 4825; x_wconf 85' lang='lat' dir='ltr'><strong>ergo</strong></span> <span class='ocrx_word' id='word_1_450' title='bbox 598 4741 643 4815; x_wconf 89' lang='lat' dir='ltr'><strong>is,</strong></span> <span class='ocrx_word' id='word_1_451' title='bbox 669 4744 707 4803; x_wconf 88' lang='lat' dir='ltr'><strong>de</strong></span> <span class='ocrx_word' id='word_1_452' title='bbox 730 4763 794 4823; x_wconf 91' lang='lat' dir='ltr'><strong>qno</strong></span> <span class='ocrx_word' id='word_1_453' title='bbox 811 4736 1050 4818; x_wconf 81' lang='lat' dir='ltr'><strong>Obsequensin</strong></span> <span class='ocrx_word' id='word_1_454' title='bbox 1075 4734 1208 4797; x_wconf 87' lang='lat' dir='ltr'><strong>Antonii</strong></span> <span class='ocrx_word' id='word_1_455' title='bbox 1230 4744 1261 4794; x_wconf 91' lang='lat' dir='ltr'><strong>et</strong></span> <span class='ocrx_word' id='word_1_456' title='bbox 1280 4728 1390 4793; x_wconf 90' lang='lat' dir='ltr'><strong>Albini</strong></span> 
     </span>
    </p>
   </div>
   <div class='ocr_carea' id='block_1_7' title="bbox 86 4826 1425 4915">
    <p class='ocr_par' dir='ltr' id='par_1_7' title="bbox 86 4826 1425 4915">
     <span class='ocr_line' id='line_1_45' title="bbox 86 4826 1425 4915; baseline -0.007 -23"><span class='ocrx_word' id='word_1_457' title='bbox 86 4838 227 4900; x_wconf 80' lang='lat' dir='ltr'><strong>consolatu</strong></span> <span class='ocrx_word' id='word_1_458' title='bbox 255 4839 335 4900; x_wconf 85' lang='lat' dir='ltr'><strong>baec</strong></span> <span class='ocrx_word' id='word_1_459' title='bbox 358 4837 486 4903; x_wconf 76' lang='lat' dir='ltr'><strong>scribit:</strong></span> <span class='ocrx_word' id='word_1_460' title='bbox 521 4840 605 4900; x_wconf 79' lang='lat' dir='ltr'><strong>Sex.</strong></span> <span class='ocrx_word' id='word_1_461' title='bbox 627 4834 743 4901; x_wconf 76' lang='lat' dir='ltr'><strong>Titias</strong></span> <span class='ocrx_word' id='word_1_462' title='bbox 768 4830 933 4915; x_wconf 81' lang='lat' dir='ltr'><strong>(Sextius</strong></span> <span class='ocrx_word' id='word_1_463' title='bbox 959 4828 990 4890; x_wconf 92' lang='lat' dir='ltr'><strong>in</strong></span> <span class='ocrx_word' id='word_1_464' title='bbox 1012 4830 1216 4911; x_wconf 87' lang='lat' dir='ltr'><strong>Obseqneute</strong></span> <span class='ocrx_word' id='word_1_465' title='bbox 1240 4826 1388 4887; x_wconf 85' lang='lat' dir='ltr'><strong>ruendose</strong></span> <span class='ocrx_word' id='word_1_466' title='bbox 1421 4836 1425 4845; x_wconf 90' lang='grc'><strong>’</strong></span> 
     </span>
    </p>
   </div>
   <div class='ocr_carea' id='block_1_8' title="bbox 0 0 1674 5578">
    <p class='ocr_par' dir='ltr' id='par_1_8' title="bbox 0 0 1674 5578">
     <span class='ocr_line' id='line_1_46' title="bbox 0 0 1674 5578; baseline 0 0"><span class='ocrx_word' id='word_1_467' title='bbox 0 0 1674 5578; x_wconf 95' lang='lat' dir='ltr'><strong> </strong></span> 
     </span>
    </p>
   </div>
  </div>
 </body>
</html>
