3348 5584
331 374 392 440 138
842 369 1125 451 PRAEFATIO.

330 514 466 602 alianta
501 513 767 580 concretionem.
821 511 895 579 Clr.
931 511 1098 580 Ciceronis
1135 523 1218 578 orat.
1247 511 1381 596 primm
1410 510 1442 575 in
1466 509 1622 581 Catiliaan

331 642 402 701 cap.
425 619 480 696 3.,
508 641 570 702 pro
589 620 727 685 Murena
745 639 818 701 rap.
839 618 892 682 25.
918 627 951 680 et
977 617 1174 683 Geselaielate
1191 616 1252 681 der
1274 617 1468 683 rdmiselren
1488 619 1625 701 nuger-

330 723 450 808 ltrt’sga
478 745 553 789 nom
571 719 740 813 Arffwga
761 723 822 785 cler
836 721 1082 789 Gracchurim
1096 723 1258 786 Unrrslaan
1281 720 1342 793 bt·
1354 718 1431 812 ⁰¹5(
1444 720 1498 785 dte
1513 720 1627 787 Attam-

328 820 529 915 barrachos:
556 824 617 889 dea
640 828 839 908 Arsgssuus,
867 844 933 887 uon
957 822 1080 889 Heinr.
1096 828 1139 891 C.
1155 820 1262 912 Raiffi
1293 835 1374 889 tom.
1397 823 1445 889 ll.
1476 845 1550 908 pag.
1568 824 1628 889 999.

335 925 419 993 Cum
445 926 544 1012 igitar
567 939 637 990 ante
669 928 751 993 diesu
779 928 829 992 19.
852 925 1007 995 Octobris
1036 929 1075 991 dc
1105 924 1260 994 Catilinae
1288 925 1508 993 coniuratione
1535 927 1565 992 in
1590 947 1629 989 ae

330 1042 405 1097 rute
425 1042 527 1094 actum
547 1050 610 1095 nen
627 1029 684 1107 ait,
710 1033 876 1115 Angustus
891 1030 940 1095 die
960 1031 1013 1094 93.
1033 1031 1226 1113 Septembris
1243 1041 1335 1097 natus
1354 1052 1423 1095 esse
1440 1052 1505 1097 666
1525 1043 1630 1114 potest.

329 1135 433 1199 Immo
452 1146 556 1216 patet,
585 1138 748 1201 emendato
768 1138 892 1201 demum
918 1156 936 1199 a
957 1135 1096 1202 Caesare
1110 1133 1297 1199 kalendario
1322 1133 1353 1198 ia
1382 1132 1463 1201 diem
1488 1134 1540 1199 93.
1561 1137 1629 1218 See

329 1236 460 1305 terebris
474 1239 596 1303 natales
617 1237 756 1323 Augusti
776 1259 846 1333 esse
864 1240 1046 1304 translatos.
1091 1240 1144 1305 Ex
1162 1238 1278 1309 Nauzii
1299 1248 1404 1304 autem
1428 1241 1582 1307 munna
1597 1261 1628 1304 eo

331 1363 431 1419 anno,
457 1363 521 1428 quo
543 1357 635 1408 natus
657 1355 706 1408 est
726 1346 911 1429 Arignotus,
936 1343 1098 1409 Kalendae
1119 1342 1283 1407 Ianuariae
1302 1343 1334 1406 ia
1354 1344 1438 1411 diem
1458 1347 1511 1411 tlt.
1531 1343 1631 1415 Martii

296 1462 304 1481 ⁸
331 1444 445 1511 Iuliani
471 1444 665 1521 inciderunt,
690 1446 733 1509 ita
753 1457 788 1507 ut
806 1466 905 1509 anatra
928 1446 968 1508 73
989 1444 1097 1509 diebus
1117 1444 1239 1521 serius,
1268 1466 1362 1526 quana
1389 1447 1543 1523 debebat,
1565 1446 1630 1511 inei·

330 1560 434 1635 perat.
477 1549 557 1613 Dies
584 1560 685 1612 autem
712 1550 763 1614 2³.
790 1548 988 1631 Septembris
1009 1551 1181 1611 sectandum
1211 1550 1283 1612 amn'
1308 1550 1463 1617 rationem
1495 1550 1628 1617 tultam

329 1652 407 1736 ipsis
425 1654 464 1718 73
486 1652 596 1725 diebus
625 1654 718 1717 distat
746 1675 763 1717 a
789 1652 838 1715 die
861 1655 892 1717 5.
915 1649 1116 1719 Decembris.
1160 1652 1264 1717 Nonis
1287 1664 1391 1719 autom
1413 1652 1629 1733 Decembribus

186 1840 195 1847 ,
331 1767 457 1822 condat
478 1775 570 1840 quiana
598 1757 735 1820 maxime
762 1758 800 1820 da
825 1754 978 1820 Catilinae
1005 1753 1225 1819 coniuratione
1247 1755 1278 1819 in
1303 1768 1413 1821 senatu
1434 1769 1539 1821 aetum
1559 1777 1625 1830 esse,

331 1871 475 1943 quartas
498 1857 655 1925 Cicerone
682 1858 713 1921 in
733 1880 803 1923 eum
818 1856 923 1921 babita
949 1857 1108 1924 oratioue.
1152 1858 1273 1923 Procul
1295 1858 1393 1925 ‹liubio
1412 1859 1515 1947 igitur
1531 1860 1629 1943 Augu·

167 1974 171 1981 '
200 2042 207 2057 .
331 1973 397 2033 stru
417 1962 520 2026 Nonis
539 1960 600 2025 illis
619 1961 850 2029 muneribus
871 1971 961 2027 natus
984 1972 1044 2026 eat.
1067 1994 1110 2006 -—
1132 1959 1195 2042 Qui
1219 1982 1298 2027 vero
1320 1961 1403 2027 diem
1424 1963 1557 2027 natalem
1575 1964 1630 2025 An·

331 2064 418 2151 gusti
434 2087 452 2128 a
471 2064 520 2129 die
543 2064 575 2128 6.
596 2064 783 2129 Decembris
809 2062 926 2128 veteris
951 2063 1123 2128 kalendarii
1143 2063 1174 2127 ia
1195 2064 1277 2129 diem
1303 2065 1355 2129 93.
1376 2064 1573 2150 Septembris
1589 2063 1630 2131 la·

331 2167 404 2232 liani
429 2167 605 2242 transtulit,
632 2167 750 2250 duplici
772 2170 868 2235 modo
888 2168 1023 2244 erravit,
1048 2166 1185 2249 primum
1201 2169 1290 2252 qnod
1306 2189 1324 2230 a
1343 2167 1447 2235 Nonis
1466 2165 1630 2233 Decembri·

331 2272 391 2335 bus
414 2271 455 2335 73
472 2270 537 2334 dies
553 2283 641 2336 retro
662 2271 860 2349 numeravit,
885 2268 954 2334 cuim
976 2270 1008 2335 in
1030 2273 1192 2335 adversam
1214 2271 1321 2353 portin
1339 2284 1466 2352 partem
1494 2282 1573 2337 esset
1588 2290 1630 2333 ue·

331 2376 531 2451 mer-dun,
561 2386 626 2439 turn
647 2396 729 2439 vero
751 2375 843 2441 etiam
865 2377 952 2459 qirod
975 2374 1091 2437 nullam
1113 2373 1268 2439 ratioaena
1290 2373 1399 2441 habrut
1423 2375 1542 2439 veteris
1563 2394 1631 2436 mer-

331 2477 410 2545 sium
434 2476 571 2543 formae.
612 2476 777 2543 Ianuarius
798 2479 899 2553 eniru,
929 2476 1071 2559 Aprilis,
1101 2477 1231 2568 hrains,
1271 2477 1418 2554 Sextilis,
1451 2479 1628 2565 September,

333 2581 520 2644 November
540 2591 572 2644 et
594 2580 772 2645 December
801 2580 917 2644 veteris
942 2577 1114 2643 kalendarii
1139 2579 1353 2645 undetricenis
1380 2581 1494 2645 diebus
1526 2589 1630 2647 eontr-

331 2684 419 2751 bant.
461 2684 575 2764 Neque
595 2695 697 2749 666666
719 2694 787 2761 cst,
811 2685 900 2769 qsrod
921 2683 1060 2769 mireris,
1085 2682 1178 2745 talem
1205 2704 1379 2751 errorema
1399 2685 1629 2751 Rornanocon·

331 2785 413 2853 mitti
443 2784 611 2868 potuisses
643 2787 718 2850 ratis
749 2787 830 2857 enim
862 2797 986 2851 constat
1015 2784 1087 2849 anni
1113 2806 1129 2849 a
1154 2785 1290 2853 Caesare
1318 2786 1629 2853 emendati'rationru

331 2900 393 2952 tam
417 2909 527 2970 parum
548 2886 742 2955 intellexisse
757 2892 941 2965 Romanos,
963 2900 998 2953 ut
1013 2891 1056 2953 Α.
1073 2890 1116 2954 U.
1140 2892 1215 2953 796.
1239 2912 1323 2955 nova
1343 2890 1544 2957 correctione
1566 2907 1629 2970 opus

330 2991 466 3057 turno.
509 2992 598 3057 Nolo
626 3005 729 3059 autern
761 2992 974 3068 dissimulare,
1010 3013 1059 3055 me
1093 2992 1213 3075 ipsum,
1248 3016 1317 3057 erssn
1340 2993 1477 3076 primunt
1510 2996 1546 3059 ad
1568 2993 1630 3054 bane

332 3115 399 3160 rem
423 3093 560 3159 animum
578 3098 794 3173 adverterem,
819 3095 849 3159 in
871 3097 1002 3160 eundern
1020 3117 1162 3161 errorem
1184 3094 1349 3173 incidisse,
1374 3107 1405 3159 et
1427 3099 1553 3163 conlido
1571 3095 1627 3159 lore

333 3198 527 3280 permultos,
552 3198 623 3281 qui,
648 3203 720 3265 duna
745 3202 826 3265 baec
847 3200 971 3285 legant,
1007 3199 1187 3285 ambigant,
1211 3212 1314 3265 utrum
1341 3199 1443 3265 Nonis
1467 3193 1630 3266 Decembri

214 3336 219 3343 ·
333 3302 393 3367 bns
410 3301 544 3365 addendi
563 3302 679 3369 iruerint
708 3304 748 3367 73
761 3303 845 3380 dies,
880 3324 919 3367 an
942 3303 1145 3379 detrahendi,
1177 3316 1211 3367 ut
1230 3302 1297 3367 dira
1319 3304 1463 3389 Augusti
1481 3302 1584 3369 natalis
1601 3299 1628 3365 tl

333 3404 468 3469 forinaua
491 3404 563 3469 anni
588 3406 741 3483 lulianam
764 3409 983 3472 reduceretur.
1027 3406 1079 3470 Eo
1097 3419 1198 3470 autern
1220 3404 1342 3472 facilius
1363 3408 1470 3471 errori
1490 3409 1574 3471 loeus
1591 3406 1629 3495 dr

333 3518 383 3571 trs
406 3517 492 3582 erat,
514 3510 600 3592 quand
622 3510 694 3577 inde
715 3511 755 3579 ab
779 3511 824 3575 Α.
842 3511 886 3574 tt.
910 3510 1004 3587 699,
1028 3508 1099 3594 quia
1125 3531 1223 3575 annius
1244 3509 1334 3595 prius
1351 3508 1532 3594 incipiebat,
1554 3526 1627 3593 quan

332 3610 483 3685 debebat,
520 3611 648 3677 omnino
673 3613 888 3677 subtractione
907 3594 990 3697 'optus
1013 3625 1097 3687 erat,
1125 3615 1151 3677 si
1170 3614 1239 3698 quis
1263 3634 1369 3681 veram
1393 3615 1465 3678 anni
1492 3611 1624 3677 rationem

331 3710 475 3781 invenire
501 3714 608 3779 vellet.
663 3716 760 3797 Quod
785 3737 876 3783 secus
905 3714 965 3781 fuit
997 3717 1041 3780 Α.
1079 3718 1121 3781 U.
1145 3717 1240 3793 691.,
1279 3717 1334 3780 nbi
1363 3716 1402 3780 73
1429 3717 1494 3781 dies
1519 3709 1628 3783 addendi

333 3827 438 3885 erant.
482 3808 596 3885 Nonae
617 3816 715 3903 igitur
734 3819 930 3883 Decembres
948 3819 991 3885 A.
1011 3820 1053 3887 U.
1076 3819 1149 3883 691.
1173 3818 1203 3881 in
1223 3819 1302 3887 diem
1330 3824 1360 3882 7.
1388 3817 1552 3885 Februarii
1572 3810 1626 3879 sani

333 3929 405 3987 ante
432 3918 594 3987 Christum
617 3933 721 3985 natum
737 3922 790 3987 69.
810 3921 1000 3998 inciderunt,
1025 3923 1080 4008 qui
1102 3942 1194 3986 verus
1208 3921 1348 4006 Augusti
1360 3923 1471 3999 natalia
1488 3920 1624 3987 habendus

333 4033 392 4087 cat.
433 4022 520 4089 Herio
542 4036 643 4089 auten
664 4026 724 4089 diei
746 4024 864 4108 optime
886 4024 1078 4093 conveniunt
1097 4024 1188 4089 etiarn
1211 4046 1267 4101 ea,
1298 4047 1382 4109 quae
1401 4027 1439 4089 de
1461 4027 1625 4101 horoscopo

311 4125 474 4209 'Atsgusti
497 4149 514 4189 a
534 4127 690 4191 Suetonio
712 4140 894 4192 narrantur.
946 4129 1061 4193 Mense
1089 4126 1169 4193 enim
1192 4128 1369 4195 Februario
1391 4130 1459 4195 sole
1482 4123 1622 4211 aquarium

334 4228 497 4295 obtinente
523 4228 727 4312 6666666666
744 4231 855 4314 pattlln
874 4241 946 4297 ante
968 4231 1070 4295 solem
1088 4230 1245 4301 exoritur.
1311 4294 1316 4303 ,

420 4332 509 4412 Quae
540 4354 610 4399 cum
642 4333 684 4397 ita
716 4332 802 4410 sint,
844 4328 920 4397 aiibi
946 4334 1071 4418 quidem
1107 4333 1270 4399 verissime
1298 4336 1490 4401 contendere
1523 4331 1626 4395 videtu

336 4433 498 4511 uanus,
523 4436 564 4502 ab
575 4439 620 4509 A.
630 4436 672 4501 U.
683 4437 757 4501 691.
779 4457 877 4523 iisqru
892 4438 931 4503 ad
947 4438 1020 4505 703.
1042 4436 1141 4503 semel
1160 4436 1375 4503 intercalatum
1391 4455 1479 4515 esse,
1503 4436 1619 4519 idenntt

333 4539 379 4603 Α.
404 4539 478 4605 ott.
507 4538 663 4605 Kalendas
695 4538 855 4625 lanuarias
886 4539 1031 4607 incidisse
1059 4541 1093 4602 in
1122 4538 1204 4605 diem
1236 4541 1288 4603 ll.
1319 4540 1445 4607 Martii.
1503 4540 1565 4602 Neo
1587 4540 1623 4595 est

335 4638 367 4703 iu
389 4650 440 4737 tot
466 4640 631 4709 Ciceronis
654 4639 794 4724 epistolia
817 4662 895 4721 una,
933 4663 1015 4728 quae
1042 4642 1114 4715 lanio
1147 4642 1320 4707 sententiae
1348 4653 1514 4731 repatgoet.
1533 4642 1536 4647 ’
1554 4638 1620 4703 Nan

1098 4744 1619 4766 Μ

354 4752 626 4849 ’ἧι-6963966669.
646 4786 757 4844 dataro.
777 4787 821 4851 l.‚
853 4787 897 4843 tu·
937 4784 1052 4841 doetae.
1073 4786 1172 4843 Oreas.
1193 4794 1241 4850 st.
1294 4787 1474 4859 selimero·
1496 4796 1521 4844 t.
1557 4779 1622 4840 llllflll

335 4860 433 4917 bittar.
454 4875 544 4919 nttttt.
564 4861 681 4931 Xlllll,
700 4868 745 4925 57.
763 4877 791 4919 et
810 4862 911 4921 Idalers'
929 4861 1097 4939 elumolium·
1120 4880 1187 4925 rom.
1211 4864 1249 4926 11.
1271 4880 1332 4943 m·
1349 4869 1401 4931 150
1425 4881 1497 4946 seqq,
