3322 5578
412 350 416 365 ⁸
606 392 846 459 meroem.
1328 392 1375 457 te

93 537 244 600 referciuntur
266 537 307 597 ab
331 534 536 618 obsequente
561 557 592 599 c.
618 535 691 597 stt.
717 544 748 597 et
766 531 886 599 Oresio
912 534 996 597 libro
1022 533 1068 596 V.
1095 555 1166 616 cap.
1195 533 1246 597 18.
1291 536 1374 598 Turn

91 630 243 712 haruspices
263 628 367 692 Italici
389 630 463 692 belli
491 629 614 692 frenesta
637 630 688 692 ilia
711 628 866 711 principia
893 648 956 691 nou
979 630 1115 692 obscure
1136 628 1374 711 praedixerunt.

91 724 184 788 Cicero
210 726 245 787 de
266 725 398 806 harusp.
422 744 507 806 resp.
529 744 600 804 cap.
621 724 653 786 9.

216 963 309 1029 Anno
331 965 427 1030 Urbis
447 966 624 1030 DCLXIII.
646 967 813 1030 Ciceronis
833 965 940 1029 XVII.
964 985 1050 1031 cass.
1064 964 1214 1045 sacrant

164 1104 203 1179 L.
247 1104 417 1184 IULIUS
465 1106 680 1205 CAESAR,
731 1107 775 1180 P.
815 1105 1055 1182 RUTILIUS
1093 1103 1272 1187 LUPUS.

150 1262 266 1326 Horum
298 1263 478 1327 consqum‘
497 1263 613 1328 Cicero
650 1265 706 1326 Iib.
734 1264 762 1327 Ι.
795 1265 832 1324 de
860 1261 1005 1326 Divinat.
1034 1283 1106 1343 cap.
1137 1262 1166 1326 9.
1196 1260 1244 1324 his
1270 1260 1376 1325 verbis

89 1356 211 1417 meminit:
236 1358 328 1435 Quin
352 1359 455 1419 etiam
483 1360 648 1420 memoria
668 1365 784 1421 nostra
809 1357 974 1435 tempium
998 1355 1134 1417 Iunonis
1157 1356 1317 1435 Sospitae
1339 1355 1375 1418 L.

88 1449 184 1525 IrIins,
203 1450 265 1532 qni
283 1468 366 1509 crem
388 1448 421 1508 P.
445 1447 569 1509 IiatiIio
594 1447 715 1509 consul
728 1445 828 1526 ,surb
849 1445 889 1509 de
913 1455 1046 1508 senatus
1066 1448 1230 1509 sententia
1253 1446 1377 1525 refecit

89 1560 121 1600 es
136 1538 289 1602 mentitae
313 1537 488 1600 Ralearici
509 1535 613 1611 filiae
644 1539 798 1616 somnio,
828 1548 858 1597 et
878 1536 985 1617 paritio
1008 1548 1100 1616 post:
1137 1535 1308 1600 Caeciliae
1335 1537 1374 1615 Q.
1442 1544 1443 1547 ’

84 1627 159 1704 fiiiae
186 1632 315 1693 somnio
350 1627 451 1691 modo
479 1627 636 1691 Marsico
672 1625 762 1688 beiio
793 1629 957 1709 ternplum
981 1638 1027 1691 est
1059 1634 1223 1690 arenata
1253 1624 1379 1688 Iunoni

88 1718 210 1798 Sospitae
234 1721 441 1784 restitutam.
484 1719 564 1780 Nasu
588 1712 637 1779 his
657 1717 858 1792 consulibus,
884 1730 918 1779 ut
938 1718 1126 1782 Patercuius
1146 1718 1189 1778 L.
1209 1717 1242 1778 2.
1263 1715 1381 1779 c.15.‹

88 1808 187 1883 scribit,
220 1823 329 1874 ortum
360 1821 407 1871 est
429 1811 563 1886 bellurn,
598 1812 702 1895 quod,
741 1810 813 1893 quia
841 1832 857 1873 a
885 1812 1004 1875 Marsis
1026 1811 1160 1893 primum
1184 1820 1377 1872 corumoturu
1481 1820 1488 1829 '

87 1899 143 1978 icit,
162 1904 351 1967 Marsicam
372 1914 421 1964 est
442 1906 577 1975 dictum,
600 1915 635 1966 ut
658 1903 777 1967 Strabo
800 1904 855 1968 Iib.
877 1904 923 1967 V.
947 1906 1075 1969 scribit:
1099 1917 1191 1989 atque
1213 1904 1256 1967 ite
1280 1924 1378 1967 voce·
1419 1952 1427 1961 .

88 2004 154 2057 ture
173 1994 327 2060 Cicerone
351 1996 443 2058 etiarn
467 1999 552 2062 Phil.
575 1996 678 2061 VIII.
701 2017 773 2077 cap.
804 2000 856 2059 to.
887 2010 919 2060 et
947 2010 1029 2062 orat.
1053 1999 1100 2062 II.
1125 2019 1195 2080 cap.
1220 1999 1273 2061 33.
1298 2019 1377 2061 cou-

88 2096 122 2148 tre
135 2088 263 2165 Rutilium,
290 2088 348 2150 ubi
369 2088 469 2165 idem,
492 2090 573 2152 sicut
595 2102 625 2151 et
649 2091 787 2153 Verrina
811 2092 876 2155 IV.
898 2113 970 2174 cap.
993 2094 1024 2155 2.
1048 2115 1108 2175 pro
1132 2091 1281 2166 Cluentio
1304 2114 1375 2173 cap.
1489 2132 1493 2140 -

90 2183 125 2256 i.,
144 2201 196 2263 pro
217 2182 341 2246 Archia
365 2204 435 2262 cap.
461 2184 493 2245 lt.
524 2185 615 2245 etde
638 2185 849 2265 Haruspicum
873 2207 960 2267 resp.
984 2208 1054 2268 cap.
1080 2188 1111 2251 9.
1133 2187 1298 2248 Italicum
1319 2206 1378 2248 no·

88 2274 202 2338 nicatur.
244 2277 335 2338 Idem
360 2297 375 2337 a
400 2275 557 2347 Cicerone
579 2297 641 2358 pro
665 2279 802 2342 Fonteio
826 2301 898 2361 cap.
921 2282 972 2342 te.
995 2281 1152 2354 Sociale,
1175 2298 1191 2338 a
1213 2278 1375 2352 Diodoro,

87 2368 227 2433 Plutarcho
257 2382 292 2434 et
322 2372 474 2452 Appiano
505 2368 681 2458 Μαρσικὸς
702 2383 733 2433 ct
755 2371 959 2458 συμμαχικὸς
980 2368 1120 2454 πόλεμος
1142 2370 1266 2432 dicitur.
1311 2372 1378 2434 De-

88 2462 197 2526 iecerunt
216 2486 256 2528 eo
280 2465 371 2529 bello
399 2463 522 2527 finitimi
545 2486 582 2527 ac
611 2463 722 2540 vicini,
756 2476 789 2525 ut
814 2466 930 2530 Cicero
953 2487 1014 2548 pro
1038 2464 1125 2528 SuIIa
1149 2485 1220 2544 cap.
1245 2465 1297 2527 90.
1321 2465 1376 2527 ait.

91 2557 129 2617 Tu
143 2557 199 2621 ride
221 2558 379 2623 Orosiunr
402 2571 543 2621 nostrum
568 2579 637 2639 cap.
661 2559 712 2621 18.
737 2558 794 2621 111).
817 2562 862 2625 V.
913 2563 1044 2623 Gestuue
1074 2568 1121 2619 est
1149 2558 1213 2619 hoc
1244 2577 1326 2619 anno
1348 2569 1387 2619 etx

93 2649 202 2727 prasino
224 2665 381 2734 sequrentc
404 2656 443 2716 ab
466 2654 540 2734 ipsis
564 2653 757 2717 consulibus.
807 2653 891 2715 Hinc
918 2654 1035 2717 Cicero
1057 2672 1119 2733 pro
1142 2648 1280 2713 Fonteio
1304 2648 1383 2733 cap.'

92 2743 127 2804 tt.
158 2746 408 2825 Recordaarini,
438 2768 523 2830 quos
545 2747 679 2827 legatos
710 2767 818 2826 nuper
845 2746 991 2810 inbelle
1015 2747 1049 2809 L.
1071 2744 1204 2822 Iulius,
1237 2764 1322 2827 quos
1343 2746 1378 2807 P.

89 2833 218 2915 Iutiiias,
244 2857 336 2917 quas
356 2836 393 2897 L.
416 2837 518 2912 Cato,
549 2856 633 2920 quos
656 2837 710 2898 Cn.
733 2835 918 2917 Pompeius*
930 2836 1095 2900 babuerit.
1138 2837 1245 2918 Atque
1269 2838 1307 2898 de
1329 2832 1379 2898 his

89 2925 185 2991 duabu
210 2927 302 2991 annis
329 2924 585 3007 intelligendum,
622 2930 710 3011 qerod
740 2927 857 2992 Cicero
887 2926 917 2989 in
952 2928 1053 2990 Bruto
1075 2948 1146 3007 cap.
1170 2927 1224 2991 89.
1248 2928 1376 3007 scribit:

89 3014 358 3085 fflflanmsius
373 3020 406 3080 in
429 3017 518 3083 bello
532 3021 643 3100 primo
665 3042 754 3084 anno
775 3023 870 3084 miles
882 3064 892 3093 ,
913 3019 1031 3087 altero
1045 3018 1197 3083 tribunus
1218 3022 1378 3084 miiitum.
1438 3040 1443 3049 ’
1469 3042 1471 3047 ’

88 3105 326 3193 Raciempore,
363 3119 397 3169 ut
423 3107 535 3170 ibidem
567 3109 685 3174 Cicero
715 3110 776 3186 ait,
815 3109 960 3174 iudicium
991 3112 1200 3173 exercebatur
1221 3132 1281 3173 rrua
1305 3112 1378 3195 iege

89 3196 176 3268 Vtt'u.
221 3203 360 3265 'soleret
389 3222 455 3262 earu
486 3202 529 3282 Q.
560 3203 680 3266 Varius
710 3206 860 3268 adversus
882 3204 1137 3267 intercessionem
1162 3204 1376 3289 collegarum,

89 3288 265 3359 annitentibus
291 3293 467 3378 equitibus,
493 3306 526 3356 ut
547 3309 754 3379 quraereretur
776 3302 813 3362 de
835 3297 893 3373 iis,
921 3318 1054 3380 qruorum
1079 3318 1179 3379 opera
1200 3299 1378 3366 consiliove

90 3387 147 3448 socii
176 3401 285 3452 contra
314 3389 467 3469 populum
496 3391 550 3475 R..
571 3412 656 3452 arcura
686 3391 905 3477 surmpsisseut.
958 3390 1118 3453 Asconius
1146 3390 1178 3452 iu
1200 3405 1284 3455 orat.
1315 3416 1378 3476 pro

91 3478 184 3546 Securo
204 3485 285 3563 (Ed.
309 3482 394 3545 Bait.
418 3504 449 3564 p.
469 3483 562 3563 22),
596 3484 744 3547 Valerius
767 3485 821 3550 lib.
843 3484 944 3547 VIII.
969 3505 1040 3566 cap.
1065 3485 1104 3560 ό,
1137 3486 1167 3550 t.
1212 3487 1377 3569 Appianum

91 3573 237 3640 8111811.
269 3576 307 3651 1,
337 3577 408 3652 37„
432 3575 519 3639 cuius
542 3577 613 3639 iibri
637 3580 784 3642 mendose
807 3570 948 3645 Κόϊντον
972 3575 1149 3664 Οὐαλέριον
1169 3601 1230 3662 pro
1254 3586 1292 3664 Q.
1316 3584 1394 3646 ναι·

90 3668 128 3728 rie
144 3671 273 3733 edunt.¹
319 3672 382 3733 Sed
403 3692 473 3732 cerm
496 3670 584 3732 turriti
613 3671 714 3734 Varia
736 3673 808 3754 Iege
836 3672 941 3754 inique
969 3673 1207 3749 damnarentur,
1231 3676 1379 3736 crebrae-

92 3779 134 3837 que
152 3763 341 3828 deiectiones
357 3764 540 3829 Italicorum
564 3765 798 3842 enuntiarentur,
822 3778 897 3828 tuuc
919 3767 961 3829 ob
983 3764 1049 3828 cius
1070 3765 1215 3829 tristitiae
1238 3767 1380 3830 occasio·

93 3869 141 3914 ten
160 3868 283 3921 senatus
306 3857 463 3932 decrevit,
487 3880 525 3920 ne
548 3858 679 3935 iudicia,
703 3863 774 3923 dum
797 3860 947 3922 terrnultus
970 3857 1099 3923 Italicus
1122 3871 1222 3934 esset,
1248 3881 1378 3924 exerce·

92 3960 186 4017 Nitor.
234 3952 396 4017 Asconius
416 3974 479 4034 pro
507 3951 662 4021 Cornelio
691 3954 754 4016 Ed.
778 3950 862 4015 Bait.
892 3975 926 4034 p.
958 3954 1010 4017 73.
1061 3957 1144 4018 'l'um
1174 3953 1308 4029 Cicero,
1343 3965 1379 4016 ut

34 4054 36 4069 ²
91 4035 186 4119 ipsein
206 4048 311 4111 Bruto
334 4069 406 4129 cap.
429 4048 482 4111 89.
505 4046 564 4122 ait,
600 4046 740 4130 quictidie
767 4058 798 4109 et
819 4045 960 4109 scribens
982 4058 1012 4110 ct
1029 4046 1142 4130 legens
1166 4059 1196 4109 et
1219 4069 1377 4111 comenen-

91 4141 158 4209 ttos,
179 4138 327 4204 oratoriis
343 4151 444 4202 tamen
465 4139 743 4203 exercitati0uibus
758 4151 923 4203 contentus
944 4161 1007 4204 uon
1032 4153 1112 4204 erat.
1157 4141 1282 4222 Quare,
1307 4162 1378 4204 curu

90 4222 151 4291 iden
165 4247 293 4298 auctore
310 4233 504 4314 Quintiliano
526 4234 581 4296 Iib.
599 4235 644 4297 X.
667 4255 739 4315 cap.
759 4234 796 4308 3,
828 4232 914 4296 hin
937 4234 1201 4316 disputationibus
1229 4238 1267 4297 de
1294 4237 1378 4301 Ora·

92 4328 146 4385 iore
169 4325 314 4390 iudicium
344 4349 432 4389 suum
462 4350 531 4390 cum
561 4325 670 4391 Crassi
692 4329 878 4391 eructaritate
908 4330 1124 4406 coniunxerit,
1162 4352 1226 4395 nou
1251 4330 1379 4393 dubium

93 4427 141 4491 est,
168 4422 236 4504 quin
264 4423 335 4503 ipse
365 4422 488 4485 'stellius
509 4443 581 4484 suas
604 4420 847 4484 exercitationes
869 4420 926 4486 Iib.
950 4424 979 4486 I.
1003 4426 1041 4486 de
1064 4425 1204 4489 Oratore
1227 4447 1299 4507 cap.
1323 4425 1377 4488 tt.

94 4510 137 4569 mh
162 4512 265 4580 Crassi
290 4537 426 4598 persona
454 4515 498 4578 ita
524 4514 769 4600 significaveritr
805 4517 844 4580 In
875 4516 1081 4601 quotidianis
1112 4516 1377 4601 cogitationibus

95 4605 221 4683 enicem
245 4612 331 4673 mibi
356 4610 627 4675 adolescentulus
651 4630 839 4690 proponere
865 4607 1015 4672 solebam
1039 4608 1138 4669 iilam
1163 4609 1391 4681 exercitatio<

94 4710 151 4754 Mn
173 4703 333 4779 maxime,
368 4709 406 4761 ut
429 4709 492 4761 aut
516 4697 660 4762 versibus
690 4701 872 4779 propositis
903 4715 1008 4781 quarn
1036 4699 1184 4761 maxime
1217 4696 1378 4781 gravibus

96 4794 142 4845 tut
167 4793 314 4852 oratione
338 4789 460 4871 aliqua
491 4789 582 4851 lecta
607 4788 654 4850 ad
675 4810 751 4851 eum
769 4786 895 4865 finem,
928 4810 1027 4872 quem
1052 4791 1217 4852 memoria
1247 4806 1378 4868 possem

97 4888 933 4915 ..Ἣ-...-

934 4893 1374 4914 W

34 4940 36 5007 ἴ
123 4939 148 5011 1)
163 4943 295 5017 Correxit,
317 4960 446 5001 mouente
465 4949 549 4999 etiem
571 4943 685 5016 rights,
705 4943 1004 5015 Schweighaeuseras.
