3322 5578
590 408 833 476 ms‘roma.
1103 488 1104 493 q
1337 414 1377 477 ss

84 551 211 625 ordines,
241 571 292 615 me
313 548 474 614 uniuerso
494 548 617 614 civitas
638 571 707 615 non
729 550 832 635 prius
856 549 981 615 tabella
1003 572 1105 637 queant
1126 574 1205 616 uoce
1223 553 1381 638 priorem

80 649 220 712 conulem
246 643 469 708 declaravit*
492 644 571 706 Item
595 646 739 729 Agraria
768 647 904 708 secunda
937 667 1006 728 cap.
1028 646 1060 708 2.
1105 648 1170 710 Est
1197 645 1285 708 illud
1304 667 1379 710 om·

75 738 254 826 pissimum,
277 740 371 823 quod
391 740 455 802 hoc
477 741 607 803 honore
622 762 670 802 ex
687 738 785 803 nouis
806 738 1001 817 bominibus
1018 740 1174 824 primum
1193 762 1266 816 me,
1291 743 1378 804 mul·

77 834 110 897 tis
121 834 329 918 posthabitis,
359 830 544 922 effecisti&
573 833 667 919 quod
687 832 806 917 primo
824 834 1015 917 petitione,·
1044 835 1137 920 quod
1164 854 1258 899 onno
1284 855 1379 897 meos

75 927 122 991 sed
135 940 238 992 tornea
258 927 543 1012 magnificentius
561 940 664 1013 atque
684 928 845 993 ornatius
861 949 934 992 esse
953 928 1013 991 illo
1030 928 1118 992 niliil
1127 939 1261 1012 potest,
1286 927 1380 1012 qasod

76 1022 140 1085 meis
156 1022 299 1087 comitiis
324 1039 393 1087 nnn
417 1023 578 1088 tabellam
605 1023 774 1088 uindicem
801 1022 927 1085 tacitae
956 1021 1144 1100 libertatis,
1177 1021 1239 1085 sed
1263 1042 1378 1085 nocem

76 1116 160 1180 rimus
175 1139 261 1201 prae
283 1117 379 1181 uobis
400 1117 547 1184 indicem
569 1117 763 1181 nestrorum
784 1119 1177 1213 ergo‘rnepolnntatnm
1190 1138 1231 1180 oc
1245 1117 1379 1182 studio·
1432 1138 1439 1155 ⁸

75 1232 133 1273 rum
156 1211 294 1277 tulistis.
344 1215 467 1297 Itaque
496 1233 549 1275 me
575 1232 644 1276 non
674 1223 834 1276 extrema
862 1211 975 1276 tribus
1003 1209 1282 1301 suffragiorum,
1317 1210 1380 1276 sed

73 1419 125 1460 mo
139 1420 212 1462 uoce
227 1398 411 1463 uniumsns
429 1402 576 1483 popli.
598 1403 773 1464 consulem
796 1400 996 1464 declaravit.
1041 1401 1117 1463 Hoc
1140 1421 1221 1462 anno
1239 1397 1379 1463 Cicero·

76 1492 180 1573 an.
202 1492 343 1557 Gallium
366 1496 404 1556 de
425 1494 543 1557 ambitu
567 1494 763 1570 defendisse,
798 1508 832 1559 ut
854 1506 980 1577 purtem,
1012 1494 1174 1559 Asconius
1196 1492 1291 1558 iacit:
1323 1492 1379 1576 qui

78 1585 190 1650 inlisit.
212 1587 245 1650 in
266 1599 347 1673 toga
369 1586 500 1651 eandida
522 1586 654 1665 scribit,
678 1600 790 1672 postea
811 1589 973 1652 defensum
998 1608 1066 1651 esse
1089 1587 1241 1653 Gallium.
1278 1588 1380 1652 Prac-

80 1680 221 1746 tcrluerat
244 1703 329 1746 anno
350 1683 536 1765 superiore:
560 1683 625 1746 hoc
646 1703 725 1746 vero
750 1694 896 1765 tempore
918 1684 957 1744 de
978 1681 1097 1745 ambitu
1118 1693 1283 1746 accusatus
1301 1682 1376 1758 init,

78 1776 153 1856 quoi,
175 1788 346 1859 praeturae
369 1776 555 1840 candidatus
577 1798 647 1839 cum
670 1787 771 1850 esset,
805 1775 1030 1862 gladiatorium
1054 1775 1205 1839 dedisset.
1251 1777 1380 1841 Auctor

73 1868 213 1935 inanius.
248 1872 376 1935 Eodem
392 1892 474 1934 anno
489 1871 566 1934 illud
580 1869 730 1936 mensoria
743 1869 871 1956 dignum
882 1870 1035 1934 accidisse
1046 1870 1312 1935 DioXXXVII.
1324 1873 1378 1934 10.

73 1962 173 2041 scribit,
202 1967 293 2050 quod
317 1964 365 2041 is,
396 1965 449 2050 qui
477 1965 584 2029 Sullae
608 1965 694 2029 iussu
717 1966 904 2029 Lucretium
932 1967 1112 2042 occiderat,
1145 1978 1175 2029 et
1198 1965 1294 2041 alius,
1324 1964 1380 2049 qui

74 2058 161 2124 nultos
182 2059 390 2142 proscriptos
420 2059 640 2136 interfecerat,
670 2059 718 2123 rei
747 2060 829 2123 inter
858 2059 992 2124 sicarios
1018 2060 1092 2124 iacti
1121 2072 1152 2124 et
1180 2057 1381 2124 condemnati

72 2163 139 2228 sunt,
161 2165 293 2217 anmore
315 2155 345 2217 in
366 2153 476 2237 primis
496 2155 580 2219 Iulio
597 2154 758 2219 Caesare:
783 2155 836 2216 ubi
857 2156 899 2217 L.
917 2154 1093 2217 Bellienum
1115 2166 1146 2218 et
1164 2154 1208 2217 L.
1224 2154 1376 2216 Luscium
1471 2208 1476 2216 .

71 2241 212 2331 significaii
230 2270 274 2312 ex
297 2248 444 2313 Asconio
466 2249 498 2312 in
521 2261 606 2316 orat.
624 2270 686 2332 pro
709 2248 844 2333 Ligario
865 2269 937 2331 cap.
959 2249 991 2310 b.
1016 2247 1149 2330 scripsi,
1179 2247 1233 2311 ubi
1257 2246 1377 2311 Cicero

71 2339 103 2400 ait
118 2342 267 2407 Sullanam
295 2342 514 2407 crudelitatem
537 2365 553 2406 a
577 2334 619 2410 C.
642 2349 778 2409 Caesare
808 2363 877 2404 esse
903 2342 1105 2406 vindicatam.
1152 2341 1273 2405 Caesar
1295 2341 1376 2404 enim

69 2432 115 2495 luc
136 2457 212 2500 anno
242 2439 275 2501 in
306 2440 489 2501 exercenda
518 2441 556 2501 de
577 2436 697 2502 sicariis
726 2437 912 2520 quaestione
942 2458 998 2500 eos
1029 2456 1158 2521 quoque
1189 2434 1378 2500 sicariorum

70 2547 175 2593 nmero
196 2530 327 2608 habuit,
358 2531 412 2615 qui
433 2530 674 2615 proscriptione
698 2534 741 2596 ob
763 2532 862 2595 relata
881 2531 997 2594 civium
1024 2534 1242 2597 Romanorum
1271 2528 1376 2611 capita

69 2621 188 2699 pecunias
205 2646 247 2689 ex
268 2625 396 2689 aerario
416 2637 623 2708 acceperant,
649 2638 782 2691 auctore
799 2626 956 2689 Suetonio
977 2627 1007 2689 in
1020 2623 1119 2691 Cae's.
1139 2647 1212 2708 cap.
1230 2628 1283 2688 11.
1313 2625 1379 2687 Eas

70 2733 128 2779 vero
146 2718 298 2799 pecunias
320 2720 373 2783 M.
391 2718 548 2785 Catonem
571 2732 774 2804 quaestorem
796 2741 880 2784 anno
900 2719 1091 2804 superiore,
1118 2719 1216 2785 Cotta
1239 2729 1272 2783 et
1291 2719 1379 2781 Tor·

68 2821 141 2889 quatu
160 2834 265 2892 cosa,
290 2813 365 2877 item
387 2815 536 2902 exegisse
558 2816 751 2880 Plutarchus
774 2815 804 2878 in
826 2815 951 2881 Catone
973 2814 1096 2879 scribit.
1137 2817 1252 2900 Neque
1272 2813 1377 2877 solum

68 2900 114 2965 hcc
128 2920 249 2987 practer
274 2906 458 2992 opinionem
483 2908 688 2974 multitudinis
711 2910 861 2973 accidisse
875 2909 942 2975 Dio
963 2908 1027 2985 ait;
1051 2932 1162 2974 veriam
1182 2909 1274 2973 etiam
1291 2908 1379 2992 quod

69 2991 197 3078 Catilina,
226 3000 287 3087 qui
310 3004 486 3084 permultos
509 3025 525 3066 a
549 3004 636 3067 Sulla
660 3004 861 3087 proscriptos
886 3003 1064 3080 occiderat,
1096 3003 1128 3066 in
1151 3001 1299 3067 iudicium
1324 3003 1380 3063 ad·

68 3088 156 3156 duetus
174 3109 205 3159 et
223 3097 398 3161 absolutus
410 3098 485 3161 suit.
521 3098 632 3183 Atque
650 3099 715 3163 hoe
734 3111 783 3162 est
801 3096 880 3162 illud
897 3097 1066 3176 iudicium,
1090 3098 1123 3161 in
1141 3119 1206 3183 quo
1223 3093 1380 3161 Catilinae

68 3183 242 3273 Torquatum
261 3212 328 3255 non
351 3190 507 3269 adfuisse,
532 3214 602 3256 cum
621 3195 766 3256 adessent
786 3191 902 3269 ceteri,
929 3192 1046 3258 Cicero
1061 3214 1123 3276 pro
1138 3193 1224 3256 Sulla
1239 3212 1312 3273 cap.
1327 3190 1380 3256 29.

67 3277 133 3343 licit.
165 3283 336 3349 Catilinam
357 3289 435 3349 aL.
451 3286 592 3351 Lucullo
612 3307 702 3350 reum
722 3285 807 3349 inter
827 3285 960 3351 sicarios
983 3286 1103 3351 factum
1127 3297 1204 3369 post
1221 3284 1379 3368 repulsam

65 3371 200 3443 Asconius
228 3380 357 3444 scribit.
401 3382 477 3444 Fuit
505 3382 569 3445 hoc
599 3402 688 3445 anno.
711 3401 826 3444 censor
846 3382 890 3444 L.
914 3381 1067 3445 Aurelius
1093 3380 1211 3456 Cotta,
1241 3390 1276 3441 ut
1299 3378 1380 3442 Plu·

64 3470 169 3535 tarchus
191 3473 222 3537 in
247 3468 410 3539 Cicerone
436 3496 467 3539 c.
494 3477 546 3539 27.
572 3474 722 3538 ostendit.
767 3474 882 3559 Itaque
904 3478 946 3538 L.
970 3474 1067 3540 Cotta
1091 3477 1188 3538 homo
1212 3472 1378 3536 censorius
1439 3464 1442 3473 ¹

66 3558 175 3644 datur,
197 3590 262 3653 pro
284 3571 383 3634 domo
408 3591 462 3632 sua
486 3591 559 3652 cap.
583 3568 636 3632 32.
678 3569 836 3631 Extremo
859 3566 954 3631 huius
979 3568 1051 3631 anni
1073 3587 1180 3630 mense
1202 3569 1244 3630 P.
1268 3566 1379 3630 Servi-

66 3651 111 3715 lius
124 3660 250 3740 Rullus,
276 3663 425 3727 tribunus
446 3662 513 3746 pl.,
535 3661 613 3726 inito
633 3659 821 3746 magistratu
843 3660 947 3746 legem
967 3660 1125 3745 agrariam
1146 3658 1378 3744 promulgavit,

65 3757 90 3807 nl
106 3751 270 3820 decemviri
295 3776 419 3822 summo
441 3778 512 3820 cum
534 3755 671 3839 imperio
692 3766 893 3835 crearentur,
924 3755 1028 3841 quiin
1053 3775 1109 3819 sua
1131 3763 1291 3839 potestate
1313 3752 1382 3816 Ita·

65 3836 120 3906 btu
138 3858 254 3928 totam,
280 3850 405 3932 Syriam
430 3850 609 3914 universam
633 3870 733 3934 eaque
755 3850 878 3925 omnia,
910 3871 991 3934 qnae
1016 3849 1132 3913 virtute
1156 3845 1305 3930 Pompeii
1326 3866 1380 3908 rc·

69 3952 125 4000 ttns
151 3939 288 4026 imperio
318 3947 466 4013 Romano
501 3943 620 4007 adiecta
655 3955 765 4021 erant,
804 3945 983 4020 haberem
1018 3944 1194 4008 venderent
1226 3940 1381 4029 quidquid

68 4032 205 4107 publicum
232 4039 348 4122 populi
375 4039 472 4104 Rom.
494 4036 603 4114 'esset3
631 4037 809 4102 iudicarent
837 4040 876 4101 de
904 4038 1069 4116 omnibus,
1105 4041 1143 4102 dc
1173 4037 1288 4123 quibus
1318 4034 1380 4118 ipsi

70 4123 184 4206 sellent3
214 4128 345 4195 exsules
372 4131 541 4208 eiicercut,
576 4132 719 4196 colonias
749 4134 962 4208 deducerent,
992 4132 1156 4217 peccuniam
1186 4153 1227 4195 ex
1252 4130 1379 4195 aerario
1433 4215 1435 4221 y

69 4234 214 4301 ciperem,
239 4225 372 4302 milites,
396 4239 476 4309 quot
499 4248 580 4309 opus
601 4227 774 4302 haberent,
798 4225 1039 4292 conscriberent
1062 4240 1093 4291 et
1115 4226 1248 4291 alerent.
1285 4224 1379 4289 Haec

70 4311 151 4394 unita
172 4318 257 4405 legis
284 4320 428 4405 agrariae
455 4320 649 4385 Plutarchus
675 4321 707 4383 in
737 4310 897 4385 Cicerone
920 4342 956 4385 -c.
977 4321 1030 4384 12.
1056 4328 1220 4385 recenset:
1249 4317 1318 4402 ipse
1347 4317 1379 4382 in

71 4406 246 4477 orationibus
268 4415 362 4498 plura
381 4415 496 4492 habet,
514 4417 577 4485 ,sed
598 4436 680 4500 quae
702 4417 743 4478 ad
762 4416 840 4479 baec
859 4413 1050 4499 pertincant.

201 4612 308 4675 Anno
331 4612 433 4676 Urbis
454 4612 592 4679 Dexo.
616 4612 791 4680 Ciceronis
811 4615 934 4680 XLIV
933 4656 942 4675 .
964 4631 1054 4675 coss.
1065 4607 1227 4702 fuerunt

261 4737 312 4814 n.
341 4736 562 4814 'imarus
588 4737 794 4836 crunno,
816 4737 864 4855 e.
890 4734 1164 4812 aurnuns,

137 4869 209 4938 Kal.
230 4874 389 4940 Ianuariis
405 4874 523 4940 Cicero
543 4896 611 4940 rem
632 4876 791 4960 publicam
815 4872 978 4957 accepisse
997 4873 1124 4958 plenam
1139 4869 1378 4948 sollicitudinis,

17 5004 18 5059 4
75 4959 327 5053 enuntiantis,
343 4969 376 5035 in
395 4990 459 5058 qua
476 4969 553 5035 nihil
574 4981 658 5037 esset
679 4970 763 5054 mali,
778 4967 856 5034 nihil
871 4967 1011 5050 adversi,
1034 4969 1122 5056 quod
1139 4988 1204 5034 non
1221 4964 1298 5031 boni
1314 4985 1382 5029 nse-
