3322 5578
572 378 816 469 fflsroarn.
1316 406 1357 473 ss

58 568 138 634 arpos
153 557 254 632 poter
263 543 350 637 satit
369 546 425 612 Μ.
449 544 592 611 Catonis
614 545 789 629 praetorii
814 543 897 622 uiri,
931 544 992 631 qui
1020 545 1106 611 bello
1127 544 1359 621 cirili.Uticoe

57 662 151 708 secem·
171 642 237 706 sibi
262 641 382 725 gladio
411 660 517 703 monn
543 661 610 704 sam
635 640 816 714 consciuits
844 640 1006 707 decasius
1027 640 1099 706 vito
1120 642 1278 707 liberast
1299 646 1356 711 M.

5 740 6 753 ¹
52 735 215 811 mamb,
246 734 307 820 qui
329 734 529 798 inscribitur
550 738 645 799 Lam
667 738 724 801 M.
747 737 902 802 Catonis.
948 733 1122 802 Caesarem
1145 737 1356 802 laudationem

48 831 215 897 acieerone
237 829 388 913 scriptam
412 851 476 894 non
499 850 598 914 aegre
621 829 749 906 tulisse,
771 834 829 894 sed
849 831 963 894 librum
986 832 1054 895 sire
1075 832 1259 916 βιβλίον-τι
1280 833 1360 896 scri·
1396 820 1399 831 ’

46 926 145 1008 psiase,
172 917 192 991 b*
224 929 281 989 καὶ
297 918 498 991 ’Antandrum
527 919 690 1003 ἐκάλεσεν,
719 924 763 987 ait
784 926 850 994 Dio
879 924 937 990 lib.
960 926 1103 1002 XLIII,
1133 927 1186 990 tt.
1232 924 1358 991 Catone
1405 946 1409 953 ’

46 1020 174 1085 absoluto
196 1014 318 1084 Cicero
339 1018 444 1081 statim
467 1030 515 1082 cst
537 1039 711 1102 aggressus
735 1019 925 1096 Oratorem,
950 1031 984 1082 ut
1005 1019 1076 1102 ipse
1098 1020 1130 1083 in
1156 1020 1299 1085 Oratore
1320 1022 1360 1084 ad

46 1115 254 1204 lbssmtnm,
284 1113 340 1198 qui
368 1125 435 1176 tum
458 1113 582 1178 Galliae
610 1125 776 1196 praeerat,
810 1113 921 1177 scribit
942 1133 1017 1195 cap.
1042 1117 1096 1178 10.
1139 1115 1191 1181 De
1215 1116 1356 1180 Oratore

45 1210 103 1294 lege
121 1229 170 1291 ep.
187 1208 243 1272 18.
265 1208 326 1272 lib.
341 1208 409 1273 vt.
432 1210 473 1270 ad
487 1208 578 1272 Fam.
621 1208 675 1272 M.
692 1207 847 1273 Claudius
863 1208 1061 1285 Marcellus,
1087 1208 1142 1295 qtti
1164 1220 1236 1272 aute
1258 1228 1358 1273 annos
1396 1224 1399 1235 ’

46 1305 163 1388 qunque
184 1303 218 1366 iu
240 1303 408 1367 consulatu
422 1300 591 1367 Caesarem
613 1303 718 1387 palam
742 1300 1005 1388 oppugnaverat,
1030 1303 1117 1368 bello
1141 1303 1228 1368 cirili
1249 1317 1359 1387 partes

46 1396 175 1480 Pompeii
199 1409 344 1476 secutus,
372 1416 414 1461 eo
444 1396 529 1467 vieto
554 1396 724 1462 Caesarem
753 1408 893 1460 veterem
916 1418 1006 1461 suurn
1028 1397 1186 1462 inimicum
1218 1411 1358 1463 metuens

46 1492 201 1571 Mytilenas
224 1490 382 1555 concessit
403 1489 513 1574 ibique
535 1492 567 1555 iu
590 1492 696 1555 studio
719 1491 877 1555 bonarum
901 1490 1014 1553 artium
1032 1493 1100 1561 ,boo
1121 1500 1267 1576 tempore
1285 1496 1359 1557 bea-
1396 1522 1402 1531 ·

44 1585 159 1661 ιίιιίιιιο,
190 1595 343 1669 qrrantum
366 1585 462 1648 modo
485 1596 598 1647 naterra
621 1583 757 1648 hominia
778 1587 916 1667 patitur,
951 1583 1099 1661 vivebam
1130 1599 1166 1649 ιιι
1188 1611 1229 1650 ex
1252 1588 1356 1652 Bruto

44 1681 126 1743 refert
146 1680 266 1743 Seneca
287 1678 319 1741 in
342 1677 576 1761 Consolatione
597 1682 638 1742 ad
659 1678 806 1742 Helviam
829 1700 900 1762 cap.
916 1681 949 1744 9.
991 1682 1075 1745 'l'um
1095 1682 1152 1746 M.
1170 1683 1295 1747 Tullius
1317 1687 1357 1746 ad

43 1794 99 1835 euru
118 1771 203 1836 dedit
224 1793 278 1855 ep.
302 1774 334 1836 7.
356 1783 390 1835 et
411 1773 443 1838 8.
465 1771 523 1835 lib.
547 1772 612 1836 IV.
637 1774 677 1835 ad
699 1773 790 1836 Fam.
813 1775 946 1838 hortans
969 1773 1077 1850 illum,
1108 1785 1144 1838 ιιι
1165 1774 1301 1841 Caesari
1322 1780 1357 1841 se

43 1866 243 1931 summitteret.
286 1864 369 1930 Cum
392 1859 550 1930 antemio
574 1880 683 1930 senatu
707 1890 723 1930 a
747 1870 791 1930 L.
815 1869 934 1932 Pisone
958 1868 1076 1934 mentio
1100 1881 1182 1933 esset
1211 1872 1294 1935 lacta
1317 1876 1356 1935 de

42 1961 182 2024 Marcello
211 1973 243 2023 et
271 1981 343 2023 etim
366 1958 409 2025 C.
432 1961 609 2024 Marcellus
638 1983 673 2024 se
701 1965 740 2025 ad
764 1963 913 2029 Caesaris
936 1966 1033 2046 pedes
1055 1963 1244 2040 abiecisset,
1276 1988 1354 2030 cern·

42 2067 96 2118 nes
114 2066 239 2119 senatus
261 2055 466 2118 ‘consurrexit
489 2067 518 2118 et
541 2058 580 2119 ad
595 2054 768 2121 Caesarem
785 2057 923 2139 supplex
937 2057 1083 2121 accessit.
1122 2061 1205 2122 Τιιιιι
1222 2058 1355 2137 Caesar,

41 2161 166 2213 uenata
188 2148 362 2212 acerbitate
383 2149 550 2224 Marcelli,
573 2162 708 2232 repente
730 2162 858 2233 praeter
880 2172 968 2233 spem
995 2150 1076 2215 dixit
1096 2174 1131 2217 se
1153 2153 1276 2217 senatui
1296 2175 1355 2219 ro·

42 2243 114 2327 gasti
139 2246 178 2307 de
200 2244 363 2309 Marcello
392 2265 430 2306 ne
453 2244 567 2309 ominis
597 2246 723 2328 quidem
749 2267 843 2308 caussa
867 2257 1071 2329 negaturum.
1115 2248 1252 2330 ltaque,
1284 2269 1355 2312 cum
1454 2282 1457 2295 ·

42 2358 131 2403 onnes
158 2338 305 2401 antelli.
330 2337 471 2401 Tullium
501 2340 607 2423 rogati
637 2340 755 2424 gratias
783 2339 914 2406 Caesari
942 2353 1072 2422 praeter
1101 2343 1144 2405 L.
1168 2341 1355 2407 Volcatium

44 2433 152 2495 Tullum
167 2431 326 2517 egissent,
353 2431 489 2505 Cicero,
514 2434 569 2518 qui
591 2446 745 2498 statuerat
767 2435 1003 2517 inperpetuum
1020 2447 1144 2509 tacere,
1168 2436 1355 2499 sententiam
1413 2471 1418 2475 ·

44 2539 158 2611 rogabis
180 2527 326 2609 pluribus
350 2528 458 2590 verbis
480 2530 546 2610 egit
562 2528 694 2592 Caesari
717 2528 856 2612 gratias3
881 2548 961 2612 quae
984 2527 1089 2592 oratio
1112 2549 1174 2610 pro
1192 2529 1355 2594 Marcello
1484 2558 1492 2563 ⁴

5 2656 7 2699 ς
43 2633 140 2685 exstat.
183 2621 270 2685 Vide
292 2643 344 2703 ep.
369 2622 401 2685 l.
425 2622 482 2688 lib.
505 2623 569 2703 IV.
602 2624 641 2685 ad
662 2622 755 2686 Fam.
801 2620 920 2687 Cicero
945 2642 1074 2706 quoqne
1097 2621 1259 2687 Marcello
1281 2644 1365 2704 per-0.

5 2704 7 2755 i
42 2716 138 2791 masit,
161 2727 196 2779 ut
212 2716 347 2779 Romam
369 2717 476 2779 redire
499 2717 613 2791 vellet3
637 2715 732 2799 epist.
757 2717 788 2781 9.
809 2720 860 2780 to.
878 2727 909 2781 et
923 2719 978 2779 ll.
1003 2715 1140 2779 eiusdem
1157 2714 1244 2779 libri.
1279 2718 1356 2782 Hoc

42 2828 141 2887 arno„
155 2820 190 2873 ιιι
211 2808 277 2874 Dio
300 2809 443 2889 XLIII,
468 2810 521 2873 26.
553 2821 704 2882 testatur,
735 2808 857 2875 Caesar
883 2810 984 2874 fastos
999 2809 1152 2874 correxit
1175 2830 1354 2895 anntunque

41 2903 71 2963 al
88 2920 208 2986 cursem
230 2901 309 2966 solis
332 2903 602 2980 accommodarit,
626 2915 661 2967 ιιι
681 2902 890 2968 CCCLXV.
914 2904 1035 2967 dierum
1057 2914 1144 2967 esset
1164 2917 1196 2968 et
1218 2903 1355 2969 interca-

41 2995 105 3062 brIo
125 3017 232 3061 mense
254 2997 399 3074 sublato,
423 3020 503 3062 untrs
525 2999 592 3062 ‹lies
615 3010 730 3081 qrrarto
746 3019 876 3081 qrtoque
891 3020 974 3061 suno
990 2996 1243 3064 intercalaretur.
1278 3001 1352 3081 Quo

42 3101 126 3154 aneta
146 3088 247 3174 magis
269 3090 301 3153 in
323 3104 488 3173 posterum
513 3113 552 3156 ex
568 3092 719 3157 Kalendis
735 3092 865 3156 Ianuar.
887 3104 1069 3174 temporum
1090 3090 1174 3156 ratio
1194 3114 1353 3179 congrue·

41 3195 92 3259 ret,
111 3184 193 3248 ister
209 3185 426 3249 Nouembrem
442 3207 481 3249 ac
494 3187 705 3250 Decembrem
723 3207 861 3250 inensem
877 3185 1035 3251 interiecit
1055 3186 1136 3250 duros
1157 3186 1256 3251 aliosa
1278 3186 1355 3252 suit-

42 3298 89 3360 qos
104 3279 156 3341 bie
176 3299 277 3341 annus
297 3280 382 3343 XV.
406 3280 557 3361 mensium
581 3300 651 3343 cum
673 3279 897 3357 intercalario,
927 3278 982 3365 qui
1004 3301 1045 3343 ex
1064 3281 1297 3344 consuetudine
1320 3281 1352 3346 io

43 3389 95 3434 asar
112 3394 226 3437 ιιιιιιιιιι
247 3372 431 3438 inciderat.¹
471 3376 563 3437 Haeo
586 3373 758 3438 Suetonius
783 3372 878 3439 Caes.
902 3394 974 3456 cap.
994 3376 1067 3448 lom
1090 3374 1163 3459 lege
1185 3386 1352 3456 praeterea

43 3464 242 3543 llaerobinns,
268 3467 425 3545 Plinium,
449 3469 586 3533 Dionem
610 3480 641 3531 et
664 3468 885 3533 Plutarchum.
930 3469 1024 3535 Prid.
1046 3468 1123 3533 Kal.
1146 3468 1353 3536 intercalares

43 3558 145 3638 uriom
167 3561 297 3626 Tullius
325 3575 445 3649 rogatu
470 3564 602 3627 fratrum
626 3563 670 3645 Q.
695 3562 838 3647 Ligarii,
869 3562 924 3647 qrri
951 3573 1026 3645 post
1055 3561 1160 3627 victos
1183 3562 1214 3626 in
1238 3565 1354 3631 Africa

46 3651 236 3738 Pompeianos
260 3655 324 3720 vita
348 3679 364 3720 a
389 3656 529 3723 Caesare
557 3659 725 3743 impetrata
755 3668 846 3722 extra
868 3656 991 3720 Italiam
1017 3656 1048 3720 in
1071 3655 1185 3721 exsilio
1208 3657 1350 3738 virebat,

48 3765 111 3813 ntae
130 3752 170 3813 ad
193 3749 365 3815 Caesarem
387 3753 494 3816 venite
519 3775 655 3839 cumque
676 3753 792 3816 fratres
815 3762 847 3814 et
868 3750 1043 3834 propinqui
1062 3748 1188 3836 Ligarii
1211 3752 1353 3818 iacerent

50 3841 195 3924 ilpedes,
222 3843 342 3909 Cicero
364 3866 398 3908 ea
422 3858 470 3909 est
492 3846 636 3923 locutura,
661 3867 743 3931 qnae
765 3864 876 3921 causa,
900 3866 983 3931 quae
1002 3858 1127 3928 tempus
1145 3846 1350 3929 postulabam

48 3932 113 4012 tuat.
134 3937 188 4001 15.
222 3936 279 4001 lib.
303 3940 367 4004 Vl.
399 3943 439 4002 ad
469 3939 560 4003 Fam.
615 3940 769 4026 Ligarius
799 3937 912 4002 deinde
941 3961 958 4002 a
986 3939 1031 4021 Q.
1054 3940 1152 4005 Aelio
1176 3941 1351 4006 'l'uberone

44 4044 96 4090 tras
118 4030 220 4095 lactus
248 4044 298 4095 est
326 4034 459 4118 eiusque
488 4034 702 4115 patrocInium
725 4033 846 4099 Cicero
871 4032 1025 4115 suscepit.
1071 4035 1155 4096 Τιιιιι
1179 4031 1349 4097 Caesarem

42 4118 132 4187 &aisse
151 4125 280 4189 lerunts
324 4127 509 4209 ,Quid'est
530 4149 662 4205 carrsae,
694 4149 752 4190 eur
775 4125 965 4192 Ciceronem
989 4139 1131 4191 orantem
1155 4126 1350 4210 aliquamdiu
1472 4155 1476 4161 ·

41 4230 89 4277 toa
105 4218 289 4283 amanam?
319 4241 389 4284 narn
421 4242 510 4285 rerem
540 4221 667 4306 qttidem
690 4219 848 4284 hominem
872 4221 1053 4303 improbum
1077 4216 1108 4283 e't
1131 4224 1255 4284 hostem
1279 4242 1350 4286 esse

40 4303 196 4392 amntem
219 4325 341 4378 certem
364 4316 444 4382 eat!
499 4316 566 4381 Ubi
599 4335 678 4378 vero
708 4311 827 4379 Cicero
860 4313 1025 4399 ingressus
1058 4313 1164 4400 dicere
1198 4313 1350 4379 mirificos

42 4412 121 4467 noun
155 4406 328 4472 concitavit
371 4423 403 4474 et
443 4410 550 4476 oratio
591 4430 764 4494 progressa
801 4429 872 4470 cum
917 4408 1084 4471 affectibus
1128 4405 1237 4485 varia,
1283 4419 1348 4473 turn

43 4510 178 4564 venustate
211 4502 407 4567 admirabilis
440 4504 523 4579 suit,
561 4503 733 4586 perspicue
765 4502 928 4587 cognitum
959 4500 1045 4565 aiunt
1081 4499 1190 4566 varios
1220 4503 1349 4567 colores

45 4583 166 4657 Cameris
193 4596 316 4661 voltum
343 4597 452 4662 subire
489 4599 621 4682 cinisque
655 4595 791 4660 animum
820 4594 967 4660 omnibus
997 4594 1103 4659 modis
1138 4597 1345 4673 commertari3

5 4726 7 4759 ι
46 4701 73 4743 ³²
98 4691 233 4766 landem,
272 4712 343 4754 cnm
377 4692 556 4756 Pharsalici
589 4691 705 4773 proelii
745 4688 936 4754 mentionem
976 4687 1083 4752 Iacere
1123 4702 1235 4755 orator
1271 4711 1349 4755 coe·
1460 4692 1465 4697 ’

46 4775 138 4858 plaut,
177 4782 358 4851 immodicis
400 4782 696 4869 perturbationibus
737 4784 898 4848 incitatum
938 4802 1080 4865 corpore
1119 4783 1348 4849 contremuisse

46 4879 71 4928 tl
91 4871 203 4942 libellos
232 4882 388 4965 quosdam
419 4901 436 4943 e
466 4901 559 4944 manu
587 4879 729 4944 eiecisse.
779 4878 896 4942 Victus
923 4876 1022 4961 igitur
1044 4877 1166 4943 Caesar
1193 4877 1347 4941 orationis
