3348 5584
299 309 351 440 sn
680 318 760 441 m.
784 367 948 442 ‘ronan
974 365 1227 444 ctennoms
1264 386 1274 409 ·-

266 566 269 571 .
297 538 339 580 ea
360 515 442 594 tilia,
468 515 650 600 Philippum
675 517 848 592 medicum,
872 538 999 581 sernum
1020 518 1109 605 regis
1131 531 1318 603 corruptum
1340 519 1488 604 praemiis
1509 525 1547 588 ad
1566 547 1611 590 ac-

298 613 472 675 cessandum
494 611 654 675 dominum
677 610 867 677 Deiotarum
889 613 1023 696 impulit.
1063 612 1199 679 Crimini
1221 615 1307 678 dedit
1327 637 1436 700 regem
1452 618 1534 682 domi
1548 641 1613 684 suae

298 703 470 769 Caesarem
492 704 674 770 interlicere
696 705 849 770 voluisse.
890 708 1085 773 Accusetnm
1108 710 1194 773 domi
1209 708 1359 775 Caesaris
1375 710 1494 776 Cicero
1508 713 1613 795 hospes

296 798 364 863 eius
394 798 534 864 defendit
562 819 754 883 causamque
784 800 856 862 licet
884 811 1008 865 tenuem
1037 814 1070 865 et
1097 802 1227 886 inopem
1253 812 1357 867 tamen
1380 804 1509 887 scripsit
1530 818 1613 891 atque

195 908 198 921 ⁴
295 895 338 958 ad
358 893 562 960 Dolabellam
593 893 694 969 misit;
727 893 824 976 epist.
849 895 902 960 le.
933 896 989 967 lih.
1013 897 1079 960 IX.
1109 899 1148 960 ad
1179 897 1295 965 Fannii.
1347 898 1505 963 Extremo
1534 898 1614 962 huius

297 988 371 1052 anni
408 989 459 1052 die
490 988 534 1068 Q.
564 990 669 1053 Fabio
698 989 848 1054 Maximo
888 990 1020 1079 ¹eormule
1056 1003 1199 1067 rnomrro,
1238 989 1281 1056 C.
1314 989 1467 1056 Caninius
1496 992 1615 1058 Rebilus

296 1083 411 1148 consul
431 1081 511 1148 hors
533 1083 665 1166 septima
686 1083 885 1147 renuntiatus
908 1096 973 1160 est,
1009 1084 1065 1169 qsri
1087 1106 1187 1169 name
1209 1087 1249 1147 ad
1271 1085 1409 1149 Kalend.
1434 1085 1504 1149 Ian.
1527 1097 1614 1161 esset;

160 1172 162 1179 ⁴
295 1198 379 1264 quise
409 1188 501 1241 erant
528 1178 655 1242 futurae
684 1198 773 1242 mane
802 1178 971 1260 postridie.
1015 1179 1130 1263 ltaque
1154 1176 1272 1267 Cicero
1295 1178 1375 1243 dixit
1404 1198 1477 1243 eum
1499 1178 1615 1243 mirifica

299 1273 461 1358 vigilantia
482 1270 598 1349 inisse,
623 1271 678 1355 qrri
700 1294 759 1336 suo
781 1284 854 1337 toto
878 1272 1045 1338 consulatu
1066 1293 1211 1336 scurnum
1226 1294 1292 1337 noa
1308 1272 1444 1348 riderit3
1468 1273 1558 1355 epist.
1572 1272 1615 1337 dd.

300 1367 356 1435 lib.
371 1367 455 1432 Vll.
478 1370 519 1431 ed
541 1366 679 1444 Famis„
703 1366 896 1433 Macrobius
918 1368 974 1432 lih.
988 1367 1037 1431 ll.
1062 1389 1135 1450 cap.
1151 1366 1185 1431 3.
1201 1378 1233 1431 et
1247 1367 1331 1432 vll.
1355 1389 1430 1451 cap.
1446 1367 1499 1445 d.,
1521 1367 1615 1431 Pollio

296 1462 328 1524 in
349 1462 435 1526 libro
456 1465 495 1526 de
516 1463 634 1526 XXX.
657 1462 801 1542 tyrannis
823 1484 895 1543 cap.
918 1462 970 1537 8.,·
984 1460 1115 1529 ,Plinius
1136 1460 1192 1527 lils.
1208 1461 1292 1527 Vll.
1315 1482 1388 1546 cap.
1407 1463 1481 1541 53„
1503 1461 1614 1527 Plutar-

296 1556 377 1620 chus
398 1556 432 1621 in
454 1555 595 1622 Caesare
619 1567 651 1620 et
672 1556 738 1623 Dic
760 1557 818 1620 lih.
841 1557 1054 1621 annuns.

441 1823 546 1887 Anno
567 1821 670 1886 Urbis
691 1823 847 1888 DGCIX.
870 1820 1045 1886 Ciceronis
1067 1822 1199 1888 LXIII.
1224 1841 1313 1886 coss.
1324 1821 1485 1913 suerunt

342 1940 344 1944 ‘
499 1967 541 2041 e.
570 1964 742 2043 tonnus
769 1963 965 2041 suasus
990 1965 1059 2062 c,
1086 1964 1135 2038 u.
1162 1963 1436 2043 auronum.

381 2124 505 2189 Eodem
518 2144 615 2198 anno,
630 2133 664 2187 ut
676 2133 877 2186 monomenta
889 2133 1012 2185 vetarsta
1026 2123 1208 2199 ostendunt,
1228 2120 1270 2187 C.
1284 2121 1384 2185 lulius
1397 2121 1519 2188 Caesar
1532 2120 1613 2185 dicta·

295 2229 351 2284 tor
365 2218 433 2283 IV.
455 2218 517 2283 fuit
537 2228 569 2281 ct
590 2219 643 2281 M.
657 2217 813 2282 Aemilius
830 2218 971 2300 Lepidus
994 2213 1145 2301 magister
1166 2219 1319 2300 equiturn.
1358 2214 1480 2281 Cicero
1504 2214 1613 2298 posili·

297 2314 377 2377 hros
401 2311 540 2400 quinque
563 2314 602 2375 de
617 2312 749 2376 Finibus
770 2312 901 2375 totidem
921 2311 1173 2375 'l'useulanarum
1197 2310 1420 2395 qrraestionum
1439 2311 1507 2377 sire
1520 2310 1611 2391 dispu-

296 2407 451 2472 tationum
474 2405 571 2470 edidit
588 2405 690 2489 iisque
703 2425 757 2468 res
773 2408 811 2468 ad
828 2407 920 2469 beate
938 2400 1106 2470 visendam
1124 2404 1260 2469 maxime
1283 2405 1480 2469 necessarias
1495 2402 1611 2487 aperuit.

257 2525 263 2533 ·
297 2501 426 2567 Primus
448 2501 529 2565 enim
552 2512 601 2565 est
623 2503 663 2564 de
686 2503 913 2565 contemnenda
937 2512 1061 2575 rnorte3
1083 2501 1240 2564 serrandus
1255 2500 1294 2563 de
1310 2500 1481 2564 tolerando
1496 2499 1610 2569 dolorc3

297 2597 337 2659 de
356 2594 558 2681 aegritudine
579 2593 724 2659 lenienda
747 2592 880 2668 tertius;
914 2604 1046 2677 qarartus
1076 2594 1117 2656 de
1145 2592 1277 2678 reliquis
1300 2593 1393 2657 animi
1417 2591 1611 2677 perturbatis

295 2689 409 2764 nibus3
443 2688 571 2774 qsrintus
604 2710 675 2753 eum
706 2689 812 2754 locum
846 2688 1033 2768 complexus
1063 2699 1128 2763 cst,
1163 2687 1219 2773 qui
1240 2699 1352 2752 vtotam
1392 2684 1609 2770 philosophiam

297 2785 432 2849 maxime
454 2783 626 2848 illustrate
645 2787 739 2848 docet
761 2784 840 2846 enim
864 2785 902 2845 ad
925 2785 1016 2845 beate
1039 2782 1209 2845 vivendum
1233 2780 1385 2847 virtutem
1410 2803 1445 2845 ae
1466 2781 1531 2864 ipsa
1549 2798 1610 2843 een-

295 2877 512 2952 tentam31ih.
535 2879 586 2943 ΙΙ.
610 2876 682 2960 erip.
707 2881 739 2943 1.
763 2879 801 2942 de
823 2877 967 2942 Divinas.
1008 2872 1124 2941 Utrum
1148 2897 1228 2940 vero
1250 2875 1283 2939 hi
1305 2876 1380 2939 libri
1404 2876 1560 2951 adhunc,
1579 2892 1609 2933 an

289 2977 338 3043 ad
358 2972 557 3056 superiorem
580 2994 694 3037 anatim
718 2971 878 3036 referendi
901 2972 980 3046 sint,
1006 2973 1144 3036 nondum
1160 2974 1321 3045 decern03
1345 2991 1405 3034 nec
1428 2970 1552 3034 multum
1570 2986 1610 3029 re·

296 3068 373 3133 lert.
417 3068 469 3134 De
498 3066 630 3153 reliquis
659 3065 892 3149 philosophicis
921 3066 1013 3130 lihris
1036 3065 1185 3148 deinceps
1208 3064 1365 3141 dicemus,
1399 3064 1428 3128 si
1451 3064 1534 3148 prins
1554 3070 1609 3124 aeta

297 3163 419 3226 urbana
435 3160 692 3244 exposuerimus.
725 3160 824 3225 Initio
840 3160 931 3227 huius
947 3159 1018 3222 anni
1035 3161 1089 3224 M.
1104 3158 1231 3223 'l'ullius
1246 3160 1371 3224 Romae
1385 3159 1460 3224 mia
1492 3155 1607 3222 Kalend.

297 3256 424 3339 qrridcm
447 3254 602 3319 Ianuariis
625 3254 715 3318 alluit
736 3254 766 3317 in
789 3266 917 3329 senatu,
943 3275 1015 3316 cum
1032 3253 1153 3319 Caesar
1168 3254 1207 3319 P.
1225 3252 1411 3319 Corneliurm
1428 3249 1606 3318 Dolabellam

301 3353 481 3436 subrogare
508 3350 570 3414 sihi
595 3348 765 3427 resistente
787 3348 933 3412 Antonio
966 3348 1086 3423 voluit3
1117 3360 1153 3412 ut
1182 3348 1391 3432 cognoscitur
1415 3347 1551 3431 Philipp.
1574 3341 1610 3406 ll.

259 3496 263 3505 .
297 3467 369 3527 cap.
394 3446 447 3509 32.
492 3445 579 3509 Vide
608 3443 816 3507 Plutarchum
845 3443 877 3505 in
910 3444 1062 3511 Antonio.
1106 3443 1357 3526 Lupercalibus,
1391 3444 1425 3506 id
1451 3454 1516 3518 est,
1543 3435 1609 3503 XV·

298 3540 436 3604 Kalend.
454 3536 609 3615 Martias,
634 3559 704 3600 cram
722 3536 844 3602 Caesar
866 3536 897 3600 in
921 3537 1048 3603 Rostris
1071 3541 1183 3601 sedens
1204 3537 1235 3599 in
1259 3537 1336 3600 sella
1358 3557 1475 3614 aurea,
1497 3535 1609 3598 arnicms

297 3650 380 3720 toga
413 3652 594 3716 purpurea,
636 3643 798 3714 spectaret
826 3633 1017 3715 Lupercos,
1047 3632 1210 3696 Antonius
1247 3651 1326 3695 arunas
1357 3652 1375 3696 e
1405 3627 1557 3715 Lupercis
1581 3624 1611 3686 ad

296 3730 405 3795 sellam
428 3725 564 3790 accessit
585 3737 617 3789 ct
638 3725 736 3808 capiti
757 3726 824 3789 eius
840 3726 981 3790 diadema
997 3725 1169 3809 imposuit,
1192 3726 1281 3808 quod
1297 3723 1420 3790 Caesar
1433 3723 1609 3806 cumplaum

297 3823 411 3908 populi
439 3820 568 3895 reiecit3
597 3818 717 3886 Cicero
746 3817 890 3903 Philipp.
921 3821 970 3884 ΙΙ.
1001 3842 1073 3903 cap.
1090 3820 1174 3897 dh,
1209 3817 1277 3882 Ill.
1309 3840 1383 3901 cap.
1408 3821 1441 3884 d.
1469 3828 1501 3882 et
1520 3810 1607 3880 Xlll.

297 3938 370 4000 cap.
400 3918 434 3980 8.
469 3915 682 3991 Plutarchus,
712 3914 896 3997 Appian'us,
926 3912 992 3979 Dio
1023 3926 1054 3978 ct
1086 3913 1149 3976 alii.
1194 3911 1305 3976 Idibus
1335 3914 1440 3979 Mart.
1464 3912 1608 3978 Caesare

298 4009 474 4076 cosaiuratis
495 4009 527 4072 in
550 4009 695 4091 Pompeii
719 4004 807 4072 catria
830 4009 933 4072 trihus
955 4020 987 4071 et
1007 4010 1091 4073 XX.
1120 4006 1225 4093 plagis
1252 4006 1425 4073 confossus
1446 4018 1503 4072 est.
1542 3999 1608 4067 Eius

297 4103 551 4182 coniurationis,
575 4115 610 4167 ut
631 4105 825 4170 Plutarchus
847 4103 976 4178 scrihit,
1003 4102 1124 4168 Cicero
1147 4102 1307 4186 particeps
1328 4123 1393 4167 nou
1416 4100 1494 4176 luit,
1516 4114 1607 4181 quiam·

280 4200 347 4281 xris
369 4200 422 4264 Μ.
446 4200 551 4264 Bruto
579 4197 823 4262 familiarissime
854 4208 1012 4262 uteretur.
1056 4199 1199 4273 Verum,
1229 4197 1302 4281 quia
1332 4194 1471 4261 Caesare
1498 4184 1609 4255 interle-
1649 4264 1650 4267 Ἴ

224 4326 230 4335 ·
296 4306 351 4361 cm
379 4293 483 4359 statim
512 4304 679 4358 cruentum
708 4295 771 4358 alte
800 4293 959 4358 extollens
992 4291 1044 4355 M.
1078 4292 1199 4355 Brutus
1234 4290 1409 4376 pragionem
1442 4280 1608 4354 Ciceronem

211 4463 216 4473 ,
298 4389 480 4453 nominatim
510 4388 701 4454 exclamavit
730 4398 826 4473 atque
854 4385 883 4451 ei
912 4398 1133 4470 recuperatam
1165 4386 1342 4452 libertatem
1373 4399 1422 4451 est
1443 4379 1608 4470 gratulatus,

298 4481 462 4548 Antonius
477 4481 646 4550 Ciceronis
669 4485 803 4548 consilio
819 4482 992 4549 Caesarem
1010 4481 1211 4546 interiectum
1229 4493 1345 4564 postea
1359 4480 1512 4545 insenatu
1526 4468 1608 4536 dixitt

299 4576 388 4642 Phil.
404 4578 451 4643 ΙΙ.
472 4599 545 4661 cap.
563 4582 616 4644 11.
655 4580 721 4645 Dio
745 4578 804 4642 lib.
825 4579 980 4652 XLIV„
1004 4578 1058 4643 20.
1081 4575 1123 4639 ait
1144 4594 1353 4659 percussores
1369 4569 1530 4645 Caesaris,
1552 4578 1608 4625 mm

300 4691 318 4736 e
340 4672 428 4736 curia
449 4670 482 4735 in
502 4673 611 4738 lorum
633 4695 668 4737 se
690 4670 895 4745 conlerrent,
924 4671 1042 4737 crebro
1065 4669 1256 4736 Ciceronem
1280 4670 1483 4733 exclamasse.
1525 4661 1608 4724 Rvet·

297 4777 417 4850 perunt
438 4765 484 4831 illi
506 4787 542 4831 se
564 4788 582 4831 e
601 4765 681 4851 loro
702 4764 735 4831 in
758 4763 954 4849 Capitolium
982 4785 1086 4851 eoque
1110 4764 1230 4830 Cicero
1260 4763 1353 4828 etiam
1377 4782 1445 4827 cum
1466 4756 1529 4824 aliis
1547 4766 1608 4835 pet*

297 4859 407 4925 multis
429 4861 589 4927 ascendite
612 4882 717 4948 neque
737 4871 842 4927 tamen
864 4857 979 4925 adduci
999 4859 1122 4942 potuit,
1148 4871 1183 4923 ut
1204 4861 1245 4924 ad
1259 4857 1434 4924 Antonium
1455 4854 1512 4918 iret
1528 4856 1607 4926 amnt

300 4956 340 5021 ad
360 4954 589 5022 defendendam
610 4976 677 5022 rem
699 4955 861 5044 publicam
883 4954 1082 5020 hortaretur.
1126 4953 1209 5035 Sed,
1233 4974 1306 5020 cnm
1326 4952 1426 5019 ceteri
1448 4938 1607 5015 consulares
