3322 5578
310 380 353 443 u
737 379 791 442 u.
817 377 979 442 ‘runnu
1002 344 1256 442 cressonis

313 517 433 584 Cicero
467 518 628 593 libroll.
662 530 806 584 extremo
835 523 872 582 de
900 518 1010 582 officiis
1043 520 1081 580 ad
1111 516 1210 579 lilium
1248 513 1361 599 viginti
1396 534 1493 579 annes
1529 527 1619 581 natum

313 611 355 676 ita
380 613 508 677 scribit:
535 617 609 679 Hos
632 636 688 677 res
712 613 987 685 commodissime
1007 613 1197 694 Xenophon
1219 608 1417 674 Socraticus
1441 612 1621 693 persecutns

312 708 425 771 estin
452 730 492 773 eo
518 710 625 784 libro,
659 708 720 793 qui
742 707 988 773 Oeconomicus
1009 705 1227 776 inscribitur,·
1261 725 1362 789 quem
1386 724 1449 767 nos
1473 701 1622 794 istosne

312 814 425 865 aetate
445 825 523 865 cum
541 824 711 879 essemus,
736 816 917 888 quaestu
939 822 1046 874 nunc,
1072 823 1090 862 e
1112 802 1245 863 Grnoeo
1265 798 1300 859 in
1322 796 1484 861 Latinum
1504 818 1623 860 conver·

312 898 431 961 timus.
476 896 596 960 Divisit
627 908 729 961 autem
760 894 879 959 Cicero
911 916 1003 959 11111
1034 891 1263 976 Xenophontis
1292 891 1406 953 librum
1436 891 1468 953 in
1496 901 1572 963 tres,
1599 899 1625 950 ut

253 1068 260 1085 ι
314 990 447 1054 Servius
474 990 505 1053 11
535 991 669 1073 primum
697 990 935 1075 Georgicorum
967 1013 999 1051 v.
1029 987 1082 1049 13.
1113 997 1261 1050 testatur.
1311 985 1393 1066 Quin
1423 982 1514 1046 etiarn
1539 982 1624 1045 libros

316 1083 461 1149 Platonis
476 1082 595 1148 Cicero
614 1087 677 1150 boc
696 1106 814 1169 genere
834 1086 969 1148 tralatos
988 1080 1097 1165 edidit,
1124 1080 1225 1165 inquit
1244 1077 1364 1142 Fabius
1385 1078 1441 1142 tib.
1458 1078 1505 1141 X.
1524 1096 1586 1158 cap.
1599 1076 1624 1138 5.
1656 1072 1657 1095 ³

317 1179 453 1242 Timaei
475 1200 551 1260 pars
573 1202 642 1243 cum
666 1179 804 1242 maxiino
828 1180 915 1242 bono
945 1178 1160 1241 studiosorum
1187 1174 1349 1259 utriusque
1375 1172 1503 1257 linguae
1526 1179 1624 1252 eistat.
1656 1180 1658 1261 ζ

316 1275 553 1355 Protagoram
582 1275 621 1336 ab
652 1294 693 1338 eo
719 1292 909 1337 conversum
935 1271 1032 1334 fuisse
1056 1262 1264 1348 Hieronymi,
1296 1265 1451 1331 Prisciani
1473 1276 1504 1328 ct
1523 1261 1626 1328 Donati
1656 1278 1657 1299 ³

316 1365 507 1430 testimoniis
534 1369 752 1432 tantummodo
778 1366 906 1429 scimus.
957 1366 995 1427 ld
1019 1378 1122 1427 tamen
1148 1356 1337 1427 Ciceroueiu
1364 1360 1472 1444 potins
1499 1368 1625 1421 extremo
1656 1358 1657 1381 ³

317 1472 465 1541 tempore
489 1461 600 1524 aetatis
630 1485 722 1545 quiam
746 1463 809 1524 boc
829 1460 944 1523 iecisse
967 1469 1124 1542 putamus.
1170 1454 1333 1520 Carbonis
1355 1454 1386 1517 in
1408 1455 1545 1517 secundo
1565 1470 1626 1512 con-

317 1554 421 1618 sulatu
444 1566 595 1638 qriaestor
617 1555 676 1619 luit
700 1554 741 1619 C.
759 1556 902 1620 Verres.
927 1550 998 1616 Cic.
1023 1551 1162 1613 Verrina
1181 1549 1250 1613 lll.
1273 1572 1345 1633 cap.
1367 1553 1399 1612 1.
1420 1561 1451 1612 et
1469 1548 1521 1610 13.
1559 1546 1625 1607 Tm

320 1651 419 1724 Sulla,
443 1672 523 1731 pace
543 1671 611 1713 cunr
633 1648 822 1715 Mithridate
840 1648 940 1721 lacta,
966 1645 1073 1710 Asiam
1099 1646 1128 1708 11
1150 1645 1358 1728 qitadraginta
1375 1635 1627 1728 qttattnorrcgic·

321 1765 377 1807 nes
399 1742 577 1819 distribuit,
600 1757 735 1808 auctore
753 1742 966 1807 cassiodoro.
1011 1738 1093 1828 Cum
1116 1753 1220 1803 niuem
1243 1739 1330 1802 Sulla
1353 1758 1464 1803 omnes
1487 1733 1577 1800 Asiae
1595 1726 1629 1790 ci·

322 1838 437 1901 vitatos
459 1859 523 1921 pro
551 1837 704 1921 portione
725 1835 756 1899 in
779 1835 961 1920 provincias
994 1834 1231 1916 descripsisset,
1264 1833 1403 1918 vectigal
1440 1848 1564 1915 quoqne
1590 1822 1631 1894 its.

223 1962 226 1969 =
321 1933 409 2014 qriod
430 1931 605 2016 aequaliter
621 1933 814 2013 penderent,
836 1927 1023 2012 descripsit:
1048 1927 1121 1993 Cic.
1137 1950 1200 2011 pro
1216 1929 1336 1993 Flacco
1346 1932 1426 2010 cap.
1441 1928 1492 1990 11.
1512 1935 1541 1986 et
1555 1918 1632 2001 epl·

263 2098 266 2101 ¹
320 2025 377 2089 lib.
401 2025 430 2089 Ι.
462 2028 501 2088 ad
520 2025 568 2107 ,0.
591 2026 722 2089 fratrem
748 2048 779 2089 c.
804 2027 856 2087 11.
888 2026 920 2097 §.
943 2023 996 2086 31.
1032 2025 1106 2087 -Sed
1128 2024 1247 2087 Sullam
1276 2022 1307 2086 11
1337 2022 1463 2087 ltaliam
1489 2011 1657 2084 revocarit*

320 2140 372 2182 res
396 2119 545 2202 publica,
570 2120 612 2183 ait
634 2141 696 2202 pro
719 2119 792 2206 lege
815 2117 947 2182 Manilia
970 2138 1041 2199 cap.
1066 2117 1098 2180 3.

454 2347 558 2409 Anno
580 2343 683 2407 Urbis
705 2347 880 2410 DCLXX.
905 2343 1081 2410 Ciceronis
1102 2346 1238 2411 XXIV.
1260 2365 1351 2407 coss.
1362 2341 1524 2433 fuerunt

365 2464 410 2563 n'.
440 2486 1240 2678 conuentusscieipUppppSucns
1268 2480 1599 2563 1111111111

407 2756 534 2820 Horum
552 2756 718 2819 consulum
741 2756 880 2821 meminit
903 2755 975 2820 Cic.
1000 2778 1061 2839 pro
1079 2756 1212 2838 erintio
1234 2778 1305 2839 cap.
1325 2757 1370 2831 6.,
1394 2757 1451 2820 ubi
1473 2755 1562 2820 etiam
1582 2754 1634 2828 (tt-

321 2870 394 2931 cap.
413 2852 460 2929 t.)
484 2847 524 2914 C.
541 2848 708 2914 Valerium
726 2851 877 2914 Flaccum
894 2850 1118 2932 imperatorem
1137 2854 1201 2916 hoc
1219 2844 1302 2916 anuo
1320 2852 1349 2915 iu
1365 2850 1478 2914 Gallia
1501 2846 1635 2913 ulteriore

321 2944 420 3008 luisse
452 2942 505 3009 ait.
558 2943 657 3009 Cuius
682 2945 791 3009 Flacci
816 2945 1006 3009 irreptionem
1032 2943 1153 3010 Caesar
1180 2947 1236 3010 lib.
1258 2946 1289 3010 Ι.
1318 2967 1390 3029 cap.
1414 2947 1469 3010 tn.
1503 2948 1540 3007 de
1567 2937 1638 3003 bello

322 3036 448 3102 Gallico
469 3037 560 3102 lacit.
605 3038 765 3122 Scipionis
789 3050 992 3123 quaestorem
1013 3040 1066 3103 M.
1085 3040 1255 3114 Pisonem,
1287 3042 1325 3102 de
1352 3061 1419 3123 quo
1442 3039 1549 3122 paullo
1570 3044 1637 3100 ante.

320 3131 437 3206 fuisse,
469 3151 510 3193 ex
534 3132 672 3196 Verrina
697 3133 763 3198 111.
790 3156 859 3216 cap.
883 3136 935 3197 11.
961 3135 1183 3220 cognoscitur.
1237 3135 1313 3198 Hoc
1334 3147 1485 3218 tempore
1506 3128 1639 3195 tumultus

322 3223 378 3288 ille
395 3246 458 3308 pro
477 3229 697 3307 recuperanda
715 3249 750 3291 re
770 3228 895 3310 publica
913 3239 1004 3292 ortus
1022 3239 1087 3293 est:
1112 3231 1150 3292 de
1169 3249 1234 3315 quo
1253 3227 1325 3293 Cic.
1344 3227 1377 3291 in
1396 3230 1504 3292 Bruto
1522 3247 1589 3306 cap.
1601 3221 1657 3284 911.

323 3320 406 3383 Nam
427 3319 514 3383 Sulla
537 3320 727 3401 compositis
754 3321 971 3385 transmarinis
988 3325 1089 3387 rebus
1112 3324 1145 3387 in
1164 3324 1284 3388 ltaliam
1307 3323 1396 3410 venit
1419 3335 1452 3388 et
1472 3322 1512 3388 C.
1529 3318 1641 3385 Norba·

322 3434 396 3475 uum
414 3412 540 3493 proelio
561 3415 652 3491 vicit,
675 3419 715 3479 dc
734 3439 799 3502 quo
817 3416 950 3480 diximus
969 3417 1000 3479 11
1020 3440 1090 3499 cap.
1110 3419 1162 3480 20.
1183 3418 1240 3480 lib.
1262 3418 1308 3480 V.
1328 3417 1453 3482 Orosii.
1491 3420 1571 3481 'l'um
1589 3407 1658 3497 cn,

324 3507 515 3588 Pompeius,
530 3510 784 3574 adolescentulus
797 3512 956 3594 privatus,
971 3513 1146 3589 exercitum
1159 3511 1275 3575 difficili
1288 3513 1335 3574 rei
1347 3512 1497 3593 publicae
1510 3519 1640 3588 tempore

323 3601 482 3677 coniecit,
511 3602 604 3686 eique
626 3604 764 3685 praefuit
789 3617 819 3668 et
841 3627 907 3669 rem
928 3607 1046 3689 optime
1067 3609 1162 3668 ductu
1180 3626 1238 3668 sno
1258 3605 1373 3690 gessit:
1405 3606 1480 3671 Cic.
1500 3604 1533 3667 in
1549 3595 1642 3665 Mani·

251 3702 254 3721 ⁸
322 3692 404 3755 liana
427 3713 497 3777 cap.
513 3695 565 3760 21.
588 3697 712 3760 Eodem
734 3699 871 3780 pertinet
895 3701 970 3763 illud
990 3700 1022 3762 11
1041 3700 1129 3764 Phil.
1150 3701 1196 3763 V.
1218 3720 1290 3781 cap.
1311 3699 1363 3763 16.
1408 3685 1642 3782 competeret

321 3789 713 3856 contremescentem
734 3793 917 3877 imperium
938 3794 1167 3879 uictoremque
1189 3792 1381 3856 exercitum
1400 3793 1564 3858 accessit:
1585 3786 1643 3851 vite

322 3882 529 3946 Plutarchum
554 3896 585 3947 et
607 3886 701 3951 alios.
746 3889 835 3951 Sulla
861 3909 940 3951 vero
963 3908 1033 3950 cum
1059 3888 1209 3970 Scipione
1231 3887 1431 3952 intes-*Cales
1449 3901 1483 3951 et
1500 3891 1642 3953 Teanum,

324 3996 394 4038 cnm
412 3976 492 4039 alter
508 3978 683 4043 nobilitatis
699 3981 829 4056 florem,
855 3981 935 4043 alter
951 3980 1028 4043 belli
1047 3981 1155 4046 socios
1170 3979 1381 4058 adhibuisset,
1407 3984 1449 4045 de
1467 3980 1646 4045 auctoritate

324 4080 468 4146 senatus,
493 4074 532 4135 de
554 4074 715 4158 suffragiis
736 4075 850 4157 populi
869 4087 900 4138 et
917 4077 955 4137 de
971 4074 1039 4138 iure
1058 4075 1212 4150 civitatis,
1236 4075 1318 4160 legis
1340 4075 1424 4138 inter
1442 4099 1478 4141 se
1502 4070 1647 4140 conditio·

321 4184 378 4255 nes
401 4166 642 4244 contulerunt1,
671 4169 773 4252 inquit
793 4169 864 4234 Cic.
886 4169 974 4233 Phil.
992 4171 1075 4234 ΧΠ.
1103 4192 1175 4252 cap.
1197 4173 1269 4244 ll.;
1300 4173 1356 4233 sed
1376 4192 1449 4233 cum
1471 4192 1524 4234 res
1543 4183 1650 4232 conve·

322 4256 392 4319 nire
409 4278 474 4320 nou
490 4273 600 4341 posset
619 4273 650 4325 et
667 4262 754 4326 Sulla
777 4262 936 4345 Scipionis
957 4276 1060 4327 castra
1083 4277 1327 4350 oppugnaturus
1355 4277 1460 4341 esset,
1494 4263 1657 4327 universus

325 4353 482 4416 exercitus
500 4353 642 4419 consulis
661 4356 752 4441 signa
771 4350 811 4420 ad
830 4358 949 4421 Sullam
967 4358 1143 4432 transtulit;
1173 4358 1301 4440 Scipio,
1331 4380 1402 4421 cum
1424 4357 1568 4424 interimi
1586 4371 1652 4437 pos·

323 4456 388 4519 set,
413 4445 560 4511 dimissus
579 4452 640 4512 es't.
685 4453 775 4514 Haec
795 4450 908 4515 Livius
927 4451 1181 4531 linnxxxv.
1221 4453 1335 4539 Itaque
1353 4452 1488 4536 Scipio,
1513 4449 1651 4515 fluctibus

324 4538 372 4598 rei
394 4540 540 4620 publicae
558 4546 729 4625 expulsus,
754 4545 920 4609 Massiliae
937 4559 1046 4626 postea
1067 4546 1096 4608 in
1118 4546 1232 4612 exsilio
1251 4546 1350 4626 vixit:
1376 4544 1453 4610 Cic.
1474 4568 1538 4629 pro
1557 4539 1652 4606 Sestio

324 4649 396 4712 cap.
419 4632 450 4696 3.
485 4636 560 4698 Hoc
588 4657 671 4699 anno
703 4636 896 4720 Capitolium
927 4639 1086 4704 incensum
1116 4641 1196 4705 suit:
1235 4642 1324 4705 cuius
1354 4643 1500 4705 merninit
1532 4638 1603 4705 Cic.
1627 4631 1653 4694 11

203 4794 207 4809 .
326 4720 424 4786 Catil.
447 4726 513 4790 111.
538 4750 610 4811 cap.
635 4731 667 4792 1.
689 4742 720 4794 ct
739 4730 911 4813 Dionysius
931 4733 1192 4800 Halicarnasseus
1220 4736 1277 4799 lib.
1297 4737 1362 4800 IV.
1409 4738 1466 4799 Tu
1490 4737 1565 4821 lege
1587 4730 1654 4793 Plu·

325 4817 469 4880 tarchum
492 4818 523 4882 in
549 4823 657 4900 Sulla,
681 4835 713 4887 et
733 4826 946 4912 Aug-nstinum
966 4849 1038 4915 cap.
1058 4831 1192 4894 XXIV.
1215 4829 1272 4892 lib.
1297 4831 1345 4894 11.
1369 4831 1409 4891 de
1431 4828 1538 4895 Civit.
1557 4824 1629 4892 Dei.
1656 4894 1657 4919 ,

364 4948 473 5021 1111ἆο
481 4966 543 5026 cap·
551 4962 607 5024 11,
617 4953 666 5011 ubi
677 4958 758 5030 vulgo
768 4960 810 5011 stc
819 4956 960 5030 legebatur
969 4975 1022 5031 pro
1030 4958 1228 5030 legerinterse
1237 4924 1657 5033 1111111111119111111111111·Ξ
