3322 5578
499 394 504 405 ’
587 427 829 495 maronia,
1336 427 1377 502 ta

77 558 225 637 iuraverunt
247 569 358 653 pauci;
382 569 413 633 in
435 570 549 655 quibus
566 593 582 632 a
600 570 739 636 Salustio
764 573 805 637 P.
820 572 1017 649 Autronius,
1042 577 1085 639 L.
1101 574 1237 640 Catilina
1262 591 1294 641 et
1310 576 1375 644 Cn.
1439 582 1441 585 ’

73 668 132 733 Piso
151 676 361 728 munerantur.
395 664 461 728 Diu
475 664 648 727 XXXVI.
674 666 727 728 nt.
752 678 783 729 ct
801 666 977 730 Suetonius·
995 669 1026 730 in
1043 667 1140 734 Caes.
1164 692 1237 754 cap.
1261 673 1291 737 9.
1314 672 1376 736 iilis
1469 736 1472 743 ,

71 765 161 826 addunt
180 761 219 822 P.
233 758 375 833 Sullam;
399 779 457 820 nec
480 757 624 820 dissentit
639 758 751 839 Livius
775 759 831 824 lib.
852 760 932 837 CI.;
958 784 1021 847 quo
1047 763 1174 827 nomine
1190 764 1280 828 Sulla
1302 779 1378 851 post

70 876 146 920 anuos
171 864 321 939 quattuor
345 875 361 916 a
385 857 428 917 L.
454 855 624 937 Torquato
655 866 844 929 accusatus,
880 857 919 919 ab
949 856 1130 947 Hortensio
1162 870 1194 922 et
1217 858 1376 924 Cicerone

69 951 187 1013 defensus
206 948 281 1011 luit.
325 948 373 1012 Hi
394 949 522 1011 circiter
545 949 655 1011 Nouae
679 947 854 1012 Dcceutbr.
878 950 1013 1015 consilio
1037 951 1287 1030 communicato,
1318 977 1376 1037 pa·

69 1044 155 1105 rabtut
173 1040 203 1104 iu
220 1040 388 1124 Capitolio
405 1043 541 1107 Kalend.
557 1043 627 1105 Ian.
646 1040 774 1108 Cottam
798 1055 829 1107 et
847 1046 1048 1130 Torquatum
1071 1068 1157 1110 coss.
1181 1048 1374 1112 interlicere.

69 1140 150 1201 liare
169 1136 297 1220 cognita
320 1136 353 1199 in
376 1138 486 1200 Nonas
506 1137 667 1202 Februar.
693 1137 858 1201 consilium
888 1140 992 1202 caedis
1027 1140 1270 1205 transtulerunt.
1313 1145 1377 1206 Sed

68 1253 145 1315 neque
173 1243 236 1294 tmn
271 1234 385 1295 caedes
412 1231 495 1294 lacta
527 1242 593 1304 cst3
628 1233 717 1313 qttorl
747 1230 885 1295 Catilina
915 1233 1040 1319 signum
1070 1235 1243 1299 coniuratis
1272 1236 1374 1320 prius,

68 1348 137 1411 quam
156 1326 256 1409 parati
280 1338 406 1402 esseut,
431 1324 571 1388 dederit:
598 1326 752 1389 Salustius
776 1338 807 1389 et
829 1328 994 1394 Asconius
1017 1331 1048 1393 d.
1073 1328 1095 1393 1.

505 1468 915 1484 -υ--ή--ι-...η-

124 1557 216 1617 Anno
238 1552 346 1617 Urbis
369 1555 669 1619 DCLXXXVIII.
694 1503 869 1618 Ciceronis
894 1558 1006 1621 XLII.
1030 1579 1119 1621 aona.
1133 1555 1293 1649 fuerunt

104 1696 136 1769 i.
159 1697 413 1774 AURELIUS
440 1633 632 1794 CCTTA,
672 1698 717 1772 L.
745 1698 972 1778 MANLIUS
999 1701 1320 1803 TORQUATUS.

126 1855 244 1919 Horum
269 1857 437 1919 consulum
461 1855 598 1919 meminit
622 1853 741 1918 Cicero
764 1856 905 1939 Agraria
930 1858 977 1920 ll.
1003 1862 1153 1940 capedi.
1178 1862 1210 1923 et
1232 1861 1262 1923 in
1287 1861 1375 1926 Cati·
1484 1928 1490 1937 ,

68 1949 106 2013 lin.
121 1950 181 2013 ΙΙΙ.
210 1971 288 2031 cap.
317 1949 359 2039 8.*
380 1951 429 2012 his
459 1951 586 2015 verbis:
621 1950 800 2013 Memoria
828 1952 967 2027 tenetis,
1003 1955 1105 2017 Cotta
1133 1966 1167 2018 ct
1197 1959 1378 2041 Torquato
1472 1950 1476 1957 ’

67 2067 131 2108 ecte.
150 2049 342 2129 complures
364 2045 400 2106 in
415 2046 587 2128 Capitolio
609 2058 725 2109 tur-ree
747 2045 788 2107 dc
809 2047 906 2108 eaelo
926 2066 1000 2108 ease
1018 2068 1220 2130 percussam
1243 2072 1322 2112 cum
1342 2062 1378 2112 et

66 2139 221 2202 undar-a
251 2139 399 2202 deor-um
428 2139 678 2204 immortalium
696 2140 853 2223 ,dapttiaa
880 2154 961 2203 aunt
996 2153 1029 2204 et
1058 2153 1195 2206 statuas
1225 2155 1378 2208 veterum

64 2234 206 2296 lominum
229 2233 386 2296 deiectae
407 2244 440 2296 et
462 2236 578 2317 legum
600 2258 684 2300 aera
707 2233 910 2326 liqutcfizcta.
950 2240 1081 2301 Tactus
1104 2250 1156 2301 eet
1176 2239 1282 2302 ctiam
1305 2239 1375 2315 itte,

65 2328 199 2411 piltune
221 2329 353 2391 Urbem
373 2329 544 2405 condidit,
581 2332 761 2395 Romulus.
808 2331 928 2391 Eadem
951 2330 1100 2413 prodigia
1125 2330 1245 2394 Cicero
1269 2331 1299 2393 iu
1325 2353 1376 2394 se·

65 2424 140 2485 cnudo
167 2426 205 2487 de
233 2423 408 2487 consulatu
430 2423 581 2488 Uraniatn
606 2426 731 2489 Musam
756 2436 936 2486 narrantem
967 2425 1043 2487 lecit
1075 2426 1223 2488 versibus
1246 2426 1376 2510 elegan-

66 2516 177 2593 tissimis,
201 2520 256 2601 qui
284 2530 408 2581 exstant
426 2518 447 2580 l.
465 2519 495 2581 l.
513 2540 583 2599 cap.
597 2521 649 2580 11.
667 2540 736 2601 seq.
761 2522 799 2579 de
815 2519 983 2593 Divinat.;
1006 2521 1043 2581 de
1060 2518 1167 2582 iisdem
1187 2521 1377 2603 Obsequcus

68 2611 157 2674 ulit.
180 2622 211 2674 et
228 2612 297 2675 Dio
319 2612 375 2675 litt.
391 2613 582 2675 XXXVII.
606 2614 637 2677 9.
664 2614 717 2677 Μ.
738 2613 862 2675 'l'ullius
885 2634 924 2675 ex
948 2625 1099 2695 practura
1123 2613 1154 2675 in
1175 2612 1374 2695 provinciam

67 2700 220 2785 renotuit,
255 2719 292 2769 ut
315 2708 382 2789 ipse
403 2728 466 2788 pro
489 2709 628 2769 Murena
657 2719 807 2783 testatur,
841 2712 896 2771 sed
922 2731 993 2771 cmn
1016 2731 1098 2773 anuo
1121 2720 1273 2794 sequente
1295 2730 1375 2772 cou-
1399 2778 1406 2799 .

64 2797 169 2863 sulatum
196 2814 312 2884 petere
340 2801 516 2884 cogitaret,
548 2804 609 2863 ltoe
638 2804 794 2884 tempore
812 2807 996 2885 prensabat.
1043 2805 1113 2885 Qua
1145 2807 1184 2868 de
1213 2825 1248 2866 re
1278 2803 1321 2867 ait
1343 2802 1376 2866 in
1428 2795 1437 2803 ’

64 2910 101 2971 tp.
117 2898 143 2959 1.
161 2893 218 2959 lib.
242 2896 276 2958 1.
302 2898 342 2958 ad
364 2898 455 2968 Att.,
486 2918 579 2978 quam
609 2898 670 2960 lroe
698 2918 780 2963 anno
804 2911 877 2970 aute
900 2898 1028 2961 coniitia
1051 2898 1233 2962 consularia
1259 2898 1374 2962 Attico

62 2984 171 3067 scripsit.
216 2991 279 3052 His
309 2989 493 3066 consulibus
522 2989 640 3054 Ciccro
672 2990 714 3054 C.
740 2992 925 3056 Cornelium
959 2995 997 3054 de
1027 2992 1188 3056 maiestate
1221 2994 1305 3075 apud
1328 2994 1370 3074 Q.

63 3080 171 3143 Gallium
193 3094 381 3166 praetorum
403 3083 575 3166 quatriduo
600 3086 759 3148 defendit:
791 3109 869 3170 quas
894 3087 1037 3150 actiones
1058 3087 1089 3149 iu
1113 3089 1189 3149 duas
1213 3088 1376 3152 orationes

61 3174 165 3241 collutas
193 3179 313 3254 edidit,
344 3188 476 3241 auctore
503 3178 669 3254 Asconio,
702 3183 785 3261 apud
811 3202 902 3264 quem
931 3181 1084 3263 reliquiae
1107 3183 1290 3246 orationum
1318 3203 1377 3244 ex·

61 3276 146 3332 ttaut.¹
187 3274 316 3336 Eotlcm
346 3293 446 3349 anuo,
479 3285 514 3335 ut
543 3274 607 3336 Dio
639 3275 694 3336 lib.
719 3277 908 3350 XXXVII.
937 3276 968 3338 9.
1000 3274 1129 3351 scribit,
1160 3270 1209 3339 C.
1239 3274 1372 3357 Papius,

61 3362 178 3427 tribunus
198 3369 262 3448 pl.,
290 3368 393 3450 legem
417 3367 506 3441 tulit,
542 3369 671 3450 nequis
699 3369 939 3452 peregrinatio
965 3371 1044 3432 urbe
1067 3381 1163 3432 essct.
1209 3370 1293 3431 Hine
1319 3369 1377 3434 ci-

61 3477 118 3520 cero
139 3460 190 3524 lib.
215 3463 283 3551 tit,
314 3483 386 3543 cap.
413 3465 465 3523 tt.
493 3464 531 3523 dc
555 3462 699 3527 Officiis:
731 3466 828 3528 Male
851 3466 975 3539 etiam,
1007 3465 1067 3548 qui
1084 3464 1292 3547 peregrinos
1315 3486 1376 3526 ur·

60 3548 133 3615 dtu
150 3556 335 3636 prohibent
353 3577 478 3639 coeptae
500 3557 751 3631 exterminant,
773 3569 811 3619 ut
827 3561 962 3621 Pennus
983 3559 1079 3641 apud
1089 3571 1208 3641 patres
1223 3570 1375 3633 nostroe,
1465 3592 1469 3601 ¹

60 3644 163 3725 Pupius
182 3670 306 3732 nuper.
352 3650 448 3712 Hane
471 3650 573 3732 legem
593 3650 723 3732 Papiam
747 3652 887 3715 reorniuat
910 3652 989 3714 idcm
1012 3675 1073 3735 pro
1090 3651 1212 3719 Archia
1234 3662 1306 3734 cap.
1323 3656 1376 3725 5.;

61 3740 164 3801 tandem
187 3742 383 3826 intelligitiu
400 3743 539 3827 Agraria
564 3746 663 3826 prima
686 3767 757 3826 cap.
776 3747 821 3818 1.,
848 3768 917 3808 cnm
933 3734 1051 3830 inquit:
1076 3746 1256 3813 Sirnillime
1273 3758 1377 3830 atpttc
1460 3822 1465 3827 .

61 3828 238 3919 inilialege,
257 3857 329 3920 quta
336 3838 517 3921 peregrini
527 3842 641 3903 Roma
651 3839 848 3913 eiiciantur,
866 3841 1080 3923 Glaucippus
1090 3840 1279 3923 excipitur.
1297 3840 1375 3905 Hoc

62 3946 164 4009 quoque
181 3929 412 3993 anuoCatilina
431 3945 596 3995 aeettsatus
612 3943 659 3994 eat
675 3932 922 4014 repeitrndarum
937 3956 954 3997 a
970 3937 1013 3999 P.
1023 3934 1140 4000 Clodio
1153 3935 1374 3998 adolescente:

63 4013 155 4084 Cicero
170 4045 233 4103 pro
247 4022 363 4088 Caelio
380 4045 452 4105 cap.
466 4027 497 4087 1.
518 4038 549 4088 et
565 4026 726 4089 Asconius
741 4014 881 4111 in'Toga
897 4027 1029 4090 eandida
1053 4033 1100 4110 (p.
1117 4028 1171 4093 92.
1189 4030 1239 4093 ed.
1253 4028 1376 4107 Britan
1429 4108 1434 4115 ι

89 4182 112 4240 1)
134 4180 190 4230 Nee
207 4176 344 4249 sortibus
370 4179 468 4245 modo,
498 4180 550 4230 sed
574 4185 659 4232 etiam
676 4177 862 4250 fulgentibus
887 4185 977 4230 armis
998 4181 1153 4248 proclinatas
1171 4186 1201 4229 in
1220 4196 1308 4231 carten
1332 4186 1377 4229 eet

64 4246 139 4304 Cicero
157 4255 298 4314 Cornelil,·
323 4260 369 4324 qui
394 4272 450 4306 nou
472 4263 620 4306 'assecutus
637 4264 711 4306 esset
730 4254 853 4306 docendo
878 4254 995 4306 indicem
1015 4263 1128 4306 teritum
1148 4264 1176 4305 et
1195 4256 1303 4305 mittere
1322 4253 1376 4303 de-

64 4340 118 4378 ust
139 4347 169 4380 uc
187 4330 291 4383 Latine
313 4335 512 4402 perspicueque
537 4330 670 4394 dicendo,
700 4338 733 4382 ut
753 4331 874 4404 populus
892 4330 1034 4383 Romanus
1058 4328 1277 4381 admirationem
1294 4345 1375 4380 anam

65 4415 105 4451 mn
119 4408 319 4457 acclamatione
338 4407 443 4474 solum,
461 4406 512 4456 scd
529 4411 615 4458 etiam
631 4406 735 4476 plattsu
754 4405 948 4477 confiteretur.
989 4406 1108 4475 Quintil.
1129 4412 1162 4469 8,
1183 4411 1218 4471 5,
1240 4409 1268 4465 5¹

91 4482 115 4540 1)
131 4480 160 4532 ln
178 4496 209 4547 ea
231 4487 343 4533 actione
363 4497 511 4553 patronum
532 4481 667 4533 Catilinae
688 4483 852 4533 Ciceronem
880 4480 965 4534 initae
983 4497 1080 4535 contra
1101 4494 1176 4533 tuatn
1197 4479 1375 4555 (illiddletun

67 4547 123 4605 Η·
140 4573 164 4627 p-
188 4556 272 4621 1711.)
299 4560 469 4628 Asconiique
490 4561 655 4609 sententiam
682 4574 793 4629 prorsus
814 4556 964 4610 contendo.
1003 4558 1073 4608 Nam
1095 4561 1210 4608 omniuo
1231 4555 1302 4607 uilril
1322 4570 1374 4616 cet,

69 4627 119 4692 1111
136 4636 268 4684 Asconius
288 4636 436 4704 praecipue
457 4648 614 4704 auguratur,
633 4636 795 4686 Ciceronem
816 4631 844 4684 id
865 4632 1034 4684 del'eutlouis
1053 4629 1220 4684 heneficium
1237 4628 1374 4683 Catilinae

69 4714 179 4773 mquam
208 4707 399 4779 exprobrasse.
439 4706 600 4761 lsta'enlm
621 4725 663 4760 res
685 4709 815 4761 Ciceroni
836 4707 920 4759 alicui
942 4709 1109 4778 turpitudini
1130 4706 1192 4758 fuit.
1230 4702 1373 4775 Siquidem

68 4774 162 4830 [ulline
180 4788 240 4833 tant
259 4780 418 4834 invidiosus
435 4801 469 4835 ex
489 4800 521 4835 eo
536 4782 642 4835 iudicio
655 4783 800 4848 discessit,
822 4792 854 4834 ut
872 4781 952 4832 aliteri
969 4786 1001 4835 itt
1020 4796 1081 4832 eum
1100 4781 1234 4832 inilicitum
1253 4779 1376 4850 quotidie

14 4864 15 4869 ’
64 4848 235 4916 miteretur.
271 4860 320 4926 (Q.
340 4858 441 4911 Cicero
461 4855 494 4911 de
514 4863 593 4931 petit.
615 4875 692 4912 cons.
711 4858 736 4924 1.
758 4864 798 4924 5.)
832 4856 912 4911 More
936 4860 1021 4931 igitur
1040 4872 1091 4908 tuo
1111 4854 1283 4924 consilioque
1304 4872 1374 4926 pru-

68 4920 205 4983 lectissime
225 4935 325 4985 Cicero
348 4932 385 4984 ad
410 4932 551 4987 vitandam
579 4933 712 4986 inuidiam
741 4947 824 4986 tacet.
861 4931 936 4985 Ecce
961 4934 1035 4983 enim
1063 4934 1093 4983 ln
1118 4929 1215 4981 eodem
1236 4931 1375 4980 Catilinae

14 5000 16 5039 t
69 5012 165 5068 rogetus
182 5024 236 5077 ego
255 5013 441 5077 sententiam,
464 5012 553 5081 inquit
574 5007 623 5076 (ud
643 5012 724 5063 Attio.
746 5008 770 5076 l,
794 5005 870 5080 16),
890 5004 1031 5059 dixi-tu
1050 5004 1206 5058 duodenem
1224 5018 1285 5054 ecee
1300 5002 1374 5055 Len·
