3348 5584
320 396 381 457 100
398 439 411 455 a
715 392 768 456 M.
796 389 961 457 TULLII
985 388 1237 457 CICERONIS
1331 446 1338 461 .

300 528 383 619 xque
411 532 573 617 pecuniam
600 529 749 595 militibus
773 553 879 596 earum
902 531 1083 616 legionum,
1113 551 1194 616 quae
1215 526 1390 595 Antonium
1415 526 1628 613 reliquissent,

319 639 410 711 parta
437 626 571 691 victoria
593 625 754 708 pollicitus
781 638 880 702 esset,
911 637 997 689 tanta
1021 625 1148 708 publice
1174 627 1314 688 daretttr.
1358 623 1449 689 Haec
1470 619 1631 704 Appianas

320 723 378 786 lib.
406 723 474 798 III,
500 724 574 797 51.,
600 719 654 782 nbi
678 719 764 782 addit
785 718 969 803 insequente
991 720 1040 782 die
1069 718 1166 783 sitisse
1186 721 1330 782 decretos
1355 716 1480 801 legatos
1504 716 1543 778 ad
1565 717 1630 778 An·

321 815 441 879 touitnn
467 837 534 878 cnm
558 811 730 888 mandatis,
755 834 834 898 quac
866 814 1056 880 Ciceronem
1078 814 1219 879 scribere
1241 823 1367 879 senatus
1388 808 1541 877 voluerit.
1568 808 1633 874 Dio

321 909 379 972 lib.
406 908 519 970 XLV.
545 919 577 970 et
602 906 739 983 XLVI,
765 907 818 970 29.
842 911 948 971 eadem
969 908 1040 971 fere
1066 919 1190 985 narrat,
1222 919 1254 971 et
1274 918 1413 972 senatum
1440 927 1457 969 a
1485 902 1634 969 Kalendis

324 1003 453 1068 Ianuar.
477 1023 535 1084 per
558 1001 693 1065 triduum
715 1001 854 1065 habitum
876 1001 1106 1087 sententiasque
1131 1002 1229 1066 dictas
1251 1013 1283 1065 et
1304 1003 1426 1065 trudent
1448 998 1635 1087 legationem

323 1100 362 1158 ad
385 1095 559 1160 Antonium
586 1097 710 1159 tuissaut
736 1096 834 1159 fuisse
865 1095 919 1158 ait.
970 1096 1081 1178 Itaque
1109 1096 1209 1179 pridie
1231 1097 1342 1160 Nonas
1367 1095 1498 1157 Ianuar.
1521 1092 1636 1155 iactum

326 1201 451 1253 senatus
478 1190 654 1253 consultum
683 1187 763 1266 suit,
795 1202 829 1252 ut
861 1189 934 1252 Ser.
965 1189 1142 1271 Sulpicius,
1172 1192 1216 1254 1..
1243 1189 1321 1255 Piso
1347 1199 1380 1251 rt
1403 1190 1448 1251 L.
1470 1185 1637 1267 Philippus
1666 1256 1667 1259 Ἴ

326 1306 397 1346 cnm
427 1282 579 1347 mandatis
611 1286 650 1347 ad
679 1283 853 1347 Antonium
879 1282 1176 1365 proficiscerentur:
1211 1303 1303 1366 quam
1334 1303 1400 1345 rem
1433 1282 1485 1345 M.
1518 1278 1638 1343 Tullius

326 1381 436 1441 eodem
457 1378 506 1441 die
528 1377 732 1442 inconcione
754 1377 902 1459 exposuit
924 1376 1030 1440 habita
1053 1376 1215 1452 oratione,
1238 1397 1331 1461 qnam
1357 1385 1447 1439 sexta
1463 1369 1639 1455 Philippica

327 1473 586 1555 comprehendit:
609 1474 648 1535 de
675 1471 786 1556 legatis
810 1471 881 1534 vide
906 1468 1000 1552 epist.
1024 1470 1056 1534 8.
1080 1471 1136 1534 lib.
1160 1471 1232 1546 XI,
1269 1472 1301 1533 4.
1324 1482 1355 1532 et
1384 1469 1439 1531 24.
1460 1466 1533 1531 libri
1555 1465 1639 1529 XII.

329 1570 368 1630 ad
384 1566 504 1630 Pamil.
549 1565 630 1631 Cum
654 1565 751 1650 legati
766 1567 806 1629 ad
823 1563 999 1630 Antonium
1023 1564 1106 1628 titissi
1124 1575 1385 1647 exspectarentur
1406 1560 1535 1644 eiusque
1554 1556 1642 1621 amici

327 1681 483 1745 responsa
511 1658 595 1723 illius
615 1660 855 1745 confingerent,
880 1659 932 1721 M.
958 1657 1082 1723 'l'ullius
1103 1670 1260 1735 metuens,
1285 1678 1323 1720 ue
1345 1666 1527 1719 senatorum
1549 1650 1642 1717 animi

274 1823 276 1827 ,
329 1758 368 1818 ad
391 1776 499 1837 pacem
526 1754 729 1829 inclinarent,
755 1752 862 1816 habuit
886 1750 915 1814 in
946 1763 1054 1814 senatu
1075 1750 1285 1834 Philippicatn
1311 1744 1491 1832 septimam,
1525 1746 1556 1809 in
1582 1765 1644 1830 qua

321 1872 439 1933 pacem
459 1848 559 1911 tribus
578 1846 735 1911 decausis
754 1847 930 1909 dissuadet:
954 1845 1107 1928 primum,
1133 1844 1205 1934 quia
1224 1845 1265 1908 sit
1285 1842 1402 1925 turpis,
1426 1841 1548 1915 deinde,
1571 1838 1642 1923 quia

329 1942 528 2026 periculosa,
551 1952 734 2023 postremo,
759 1938 832 2023 qnia
857 1960 1011 2004 essenon
1034 1939 1149 2022 possit.
1194 1940 1233 2004 In
1256 1938 1417 2020 legatione
1443 1936 1515 1999 Ser.
1540 1929 1644 2015 Sulpi·

330 2035 398 2100 cius
429 2047 561 2099 mortem
590 2033 680 2097 obiit.
724 2032 804 2096 Piso
828 2043 858 2095 et
884 2032 1052 2118 Philippus
1078 2035 1213 2099 Romam
1236 2030 1356 2096 reuersi
1380 2032 1420 2092 ab
1442 2025 1586 2093 Antonio
1609 2027 1645 2087 ad

331 2141 472 2194 senatum
487 2126 697 2192 intolerabilia
718 2126 877 2209 postulata
901 2129 1111 2204 rettulerunt;
1135 2150 1187 2212 ep.
1215 2129 1246 2190 4.
1270 2126 1327 2190 lib.
1352 2124 1437 2188 XII.
1458 2126 1497 2186 ad
1518 2119 1644 2194 Famil„

330 2226 397 2289 Dio
422 2222 479 2287 lib.
512 2221 646 2296 XLVI,
674 2220 729 2283 30.
774 2220 943 2284 Tttmnltns
967 2220 1093 2285 interim
1119 2244 1136 2286 a
1163 2233 1273 2286 senatu
1295 2219 1356 2285 fuit
1377 2220 1542 2294 decretus,
1576 2236 1645 2278 cunt

330 2317 409 2381 belli
430 2338 544 2381 nomeu
562 2316 594 2378 in
615 2315 768 2379 renitentia
791 2313 867 2397 poni
886 2313 1071 2398 quibusdam
1095 2339 1158 2383 non
1184 2318 1340 2398 placeret:
1363 2314 1395 2376 id
1417 2313 1506 2398 quod
1530 2308 1647 2376 Cicero

333 2410 513 2493 Philippica
536 2421 650 2473 octava
672 2409 890 2491 reprehendit,
917 2430 1010 2491 qnam
1029 2422 1099 2473 aute
1120 2413 1196 2475 Idus
1216 2408 1354 2475 Martias
1369 2407 1401 2471 in
1424 2416 1533 2470 senatu
1556 2402 1645 2477 dixit,

332 2506 475 2590 graviter
487 2503 639 2567 invehens
655 2502 685 2565 in
698 2503 740 2581 Q.
754 2502 880 2565 Fulinm
897 2499 1067 2580 Calenum,
1092 2504 1145 2590 qui
1157 2505 1300 2569 Antonio
1316 2504 1474 2566 studebat.
1511 2498 1647 2572 Deinde,

333 2620 403 2662 cum
425 2600 463 2660 de
485 2598 628 2660 ornando
652 2599 724 2660 Ser.
748 2593 889 2678 Sulpicio
913 2596 942 2658 in
965 2608 1076 2660 senatu
1100 2610 1269 2683 ageretur,
1294 2596 1412 2662 Cicero
1435 2615 1549 2660 nonam
1572 2592 1649 2657 Pbi·

331 2692 479 2774 lippicam
509 2690 604 2766 dixit,
634 2692 787 2765 suadens,
817 2700 852 2752 ut
874 2688 1015 2773 Sulpicio
1039 2704 1140 2756 statua
1167 2690 1321 2779 pedestris
1349 2710 1443 2753 aenea
1467 2689 1499 2752 in
1523 2684 1649 2754 Rostris

333 2796 527 2868 poneretur,
552 2804 644 2877 quam
671 2804 727 2845 sua
750 2795 851 2846 aetate
877 2806 937 2866 pro
965 2787 1093 2850 Rostris
1113 2785 1252 2872 Augusti
1277 2783 1437 2849 exstitisse
1453 2781 1650 2865 Pomponius

335 2882 373 2941 de
403 2877 539 2962 Origine
567 2874 645 2939 iuris
674 2887 818 2940 testattu.
870 2879 922 2940 M.
957 2880 1078 2943 Brutus
1107 2902 1191 2944 anno
1224 2879 1390 2962 superiore
1423 2900 1464 2941 ex
1499 2875 1590 2942 ltalia
1622 2874 1650 2943 iu

336 2972 503 3036 Graeciam
530 2971 696 3055 profectus
726 2991 796 3034 cuin
830 2972 973 3035 Athenas
1002 2973 1157 3052 venisset,
1192 2974 1407 3037 adolescentes
1432 2971 1556 3035 nobiles
1583 2970 1653 3034 Ro·

320 3087 464 3141 -tuanos,
488 3086 622 3149 quorum
644 3085 757 3151 magna
777 3062 943 3131 tuttltitudo
966 3067 1033 3132 illic
1058 3070 1211 3133 bonarntu
1235 3066 1347 3131 artitnu
1371 3073 1571 3140 censuerat,
1593 3062 1653 3125 sibi

336 3161 492 3224 adiunxit:
522 3159 703 3223 iuhissuit
725 3161 777 3225 M.
803 3160 970 3226 Ciceronis
994 3162 1095 3240 lilius,
1127 3183 1219 3247 quent
1244 3162 1379 3235 Brutus,
1401 3171 1436 3222 ut
1460 3156 1654 3224 Plutarchus

336 3255 464 3332 scribit,
499 3254 626 3319 sttmmis
660 3254 802 3318 laudibus
834 3256 1004 3332 efferebat,
1027 3256 1170 3343 iuquiens
1197 3276 1230 3319 se
1260 3253 1366 3330 illum,
1390 3252 1458 3318 sive
1483 3249 1654 3335 vigilaret,

336 3347 402 3410 site
429 3348 598 3422 dormiret,
622 3346 783 3423 admirari,
808 3351 896 3432 quod
919 3349 1038 3414 animus
1061 3350 1090 3413 in
1117 3372 1157 3413 eo
1180 3360 1241 3411 tant
1270 3368 1444 3431 generosus
1465 3356 1656 3429 tantumque

338 3440 442 3504 odium
474 3451 680 3521 tyrannorum
712 3453 808 3505 esset.
859 3443 978 3504 Brutus
1011 3444 1082 3507 inde
1113 3441 1401 3508 instuctionem
1436 3452 1660 3524 transgressus

338 3533 528 3598 Ciceronem
547 3535 642 3598 lilintn
666 3556 770 3598 secunx
794 3536 883 3598 duxit
905 3557 1009 3620 eoque
1034 3537 1141 3622 legato
1162 3558 1235 3601 usus
1254 3536 1349 3598 inulta
1372 3533 1510 3598 feliciter
1533 3532 1658 3621 gessit3

338 3639 373 3689 nt
395 3628 588 3691 Plutarchus
615 3629 643 3691 in
663 3630 767 3692 Bruto
784 3640 929 3694 testatur.
975 3633 1018 3694 Et
1036 3635 1176 3695 Brutus¹
1198 3630 1229 3692 in
1253 3629 1385 3711 epistola
1404 3631 1443 3690 ad
1462 3624 1660 3693 Ciceronem

337 3732 479 3802 patratu,
504 3744 585 3806 quae
607 3742 688 3785 nunc
709 3735 757 3786 est
777 3736 888 3808 quarta
910 3725 999 3800 libri,
1025 3725 1079 3807 qni
1100 3728 1139 3788 atl
1160 3726 1292 3788 Brutum
1315 3732 1438 3799 exstat,
1460 3720 1502 3785 ita
1524 3720 1660 3783 scribit:

340 3814 455 3877 Cicero
474 3814 576 3890 filins
605 3825 682 3879 tons
713 3818 762 3879 sic
787 3819 871 3879 miri
892 3837 924 3882 sc
952 3819 1076 3898 produt
1106 3817 1288 3895 industria,
1308 3816 1493 3897 patientie,
1515 3810 1664 3887 labore,

338 3905 446 3964 enimi
469 3903 721 3985 magnitudine,
749 3908 843 3968 omni
861 3906 1002 3991 deniqne
1026 3909 1161 3989 officio,
1192 3917 1229 3970 tet
1248 3925 1387 3986 prorsus
1408 3925 1592 3990 uunquam
1613 3902 1667 3966 dr·-

337 3994 466 4056 mittere
494 3992 647 4057 videntur
675 3997 939 4076 cogitationem,
960 3999 1058 4059 cuins
1079 4001 1123 4059 sit
1138 3996 1251 4073 filius.
1292 3997 1337 4062 Ut
1367 3998 1415 4061 vel
1440 3997 1514 4060 hinc
1544 4017 1667 4062 eorum

337 4082 492 4166 imperitia
517 4086 578 4163 (ne
603 4085 677 4169 quid
699 4087 828 4170 gravius
860 4087 980 4165 dicatu)
1006 4098 1174 4171 arguatur,
1200 4088 1253 4173 qui
1279 4110 1389 4153 vertum
1416 4078 1484 4153 esse
1507 4112 1577 4152 uon
1600 4109 1667 4171 pn·

337 4186 423 4250 tant,
446 4178 535 4259 qnod
558 4176 674 4242 Cicero
704 4178 761 4242 lib.
788 4179 837 4242 ΙΙ.
862 4201 934 4262 cap.
965 4180 1016 4244 13.
1045 4183 1082 4243 dc
1106 4181 1226 4246 Officiis
1253 4182 1314 4261 ait,
1338 4183 1434 4247 lilium
1457 4184 1547 4248 bello
1573 4181 1667 4247 cim'li

337 4330 1667 4484 .:l„l‘¹t:tt.¹'.‘::lh‘.⁰thPtltsttstutt:;.{lt¹‘t¹tltt.·lt‘t:tuth

337 4481 423 4552 probe
446 4484 648 4550 examinanda3
676 4485 747 4556 qnod
769 4484 935 4539 monendum
956 4491 1075 4540 maxime
1094 4497 1208 4560 propter
1227 4487 1432 4543 MIddletonnnt
1452 4492 1533 4555 duri,
1565 4491 1615 4560 qui
1638 4490 1667 4539 tu

339 4556 382 4608 his
402 4558 546 4613 Ciceronis
561 4559 674 4617 altinus
696 4560 863 4632 temporibus
883 4576 992 4615 caecam
1017 4560 1095 4614 fidem
1115 4562 1170 4615 tllts
1190 4564 1297 4617 tribuit.
1344 4568 1473 4619 Ceterum
1493 4561 1667 4616 sebdttteiat

338 4628 400 4681 tltas
419 4633 551 4704 epistolas
578 4637 829 4707 conscriptorem
858 4634 892 4688 ab
919 4634 1058 4690 adulatore
1079 4636 1171 4709 aliquo
1192 4638 1327 4693 Messalae
1346 4639 1484 4707 Corrtnt‚·
1494 4638 1591 4711 qualis
1610 4635 1667 4689 fnit

336 4702 403 4770 tlte,
422 4710 469 4778 qui
489 4714 644 4781 composuit
664 4712 861 4783 Panegyricum
874 4710 987 4764 Tibullo
1007 4712 1087 4784 volgo
1104 4715 1287 4780 attributum,
1306 4712 1482 4769 manifestant
1502 4714 1534 4768 lit
1554 4731 1591 4767 ex
1611 4711 1667 4784 Ep.

338 4785 385 4835 1⁵.
422 4782 581 4835 Messalam
600 4783 694 4840 lrabss.
734 4787 803 4840 Nam
823 4792 882 4839 sine
903 4802 984 4840 cansa
1004 4784 1129 4860 prolecto
1150 4804 1287 4842 veterator
1306 4789 1353 4843 llle
1372 4807 1514 4863 nunquam
1534 4804 1582 4845 tot
1603 4801 1667 4841 tan«

338 4858 428 4925 risque
447 4855 575 4911 laudibus
594 4859 759 4913 cumulasset
783 4862 949 4930 Messalam,
969 4867 1024 4917 uisi
1042 4879 1154 4937 gratum
1178 4864 1222 4919 illi
1247 4867 1307 4919 tore
1327 4882 1463 4940 sperasset
1479 4871 1520 4921 ita
1542 4880 1558 4918 a
1581 4862 1667 4918 cte·

338 4944 405 4983 rone
423 4932 533 4988 scilicet
552 4951 581 4989 se
600 4932 770 4990 blandarum
789 4953 857 4992 esse.
