3322 5578
301 359 341 421 10
719 353 771 419 Μ.
796 353 959 421 TULLII
982 350 1233 419 CICERONIS

450 500 552 565 Anno
574 498 674 561 Urbis
697 499 855 562 DCLIX.
879 497 1052 560 Ciceronis
1078 500 1182 562 XIII.
1204 517 1291 560 coss.
1303 492 1462 587 ficerunt

301 645 343 718 C.
378 641 589 718 CAELIUS
626 640 842 738 utLDUS,
881 640 926 713 L.
964 640 1208 717 DOMITIUS
1243 628 1615 717 AHENOBARBUS.

385 801 527 865 Caelium
555 800 637 860 buue
668 799 750 861 intes
780 818 883 861 noros
913 795 1054 859 boirriues
1085 784 1228 859 ntirnerat
1258 796 1376 860 Cicero
1408 818 1470 877 pro
1506 798 1615 860 Illure-

300 920 339 960 na
362 918 433 976 cap.
455 895 487 956 8.
512 894 625 974 (etQ.
650 892 767 956 Cicero
790 895 918 972 clepet.
943 911 1033 951 cons.
1058 911 1088 952 e.
1118 891 1147 954 3.
1176 896 1207 967 §.
1233 893 1322 969 tt).
1381 891 1527 952 Eundem
1558 912 1615 952 non

301 989 511 1053 mediocribus
534 986 701 1049 inimicitiis
724 1008 759 1046 ae
782 985 945 1047 laboribus
968 982 1184 1057 contendisse,
1210 995 1244 1044 ut
1267 985 1304 1043 ad
1323 1005 1461 1045 suuuuos
1484 986 1616 1047 bonores

299 1084 497 1166 perveniret,
523 1081 565 1143 ait
586 1080 617 1142 iu
641 1082 739 1143 Verr.
764 1078 846 1142 Vll.
870 1060 941 1157 cap.
961 1080 1012 1138 70.
1046 1078 1097 1139 De
1119 1079 1228 1139 eodem
1248 1075 1383 1140 Crassus
1406 1078 1480 1139 libr.
1498 1078 1527 1140 l.
1551 1099 1615 1159 cap.

302 1179 357 1241 25.
381 1179 419 1238 de
442 1178 535 1239 Orat.
586 1175 672 1255 Quis
701 1193 769 1233 non
797 1171 927 1254 vitient,
963 1175 1001 1235 G.
1027 1171 1160 1244 Caelio,
1197 1171 1333 1254 aequali
1362 1193 1456 1245 meo,
1478 1192 1616 1254 magno

301 1270 424 1333 Ironori
437 1266 580 1358 feriere,
605 1266 735 1328 iroruioi
763 1286 868 1339 nouo,
893 1265 987 1326 iliam
1014 1265 1142 1346 ipsam,
1167 1284 1401 1348 parumcunque
1427 1265 1563 1339 habuit,
1586 1265 1617 1325 in

302 1364 443 1427 tiieentio
478 1360 773 1424 mediocritatem?
817 1360 887 1420 Hac
918 1361 955 1419 de
986 1378 1079 1419 causa
1108 1358 1247 1419 meminit
1278 1355 1343 1419 cius
1365 1357 1396 1419 iu
1421 1358 1527 1421 Bruto
1551 1380 1615 1439 cap.

302 1459 355 1521 ta.
401 1459 542 1519 Eundem
566 1455 770 1517 elaiissiuuuu
796 1474 832 1512 ar.
856 1450 1062 1513 fortissimum
1086 1452 1314 1513 adolescentem
1338 1460 1538 1533 qdaestorem
1559 1473 1616 1512 nou

302 1573 371 1614 esse
394 1552 528 1624 saeuius,
552 1549 594 1610 ait
618 1569 676 1628 pro
696 1546 827 1609 Plancio
851 1566 921 1624 cap.
946 1545 1017 1617 IL,
1050 1544 1103 1606 ubi
1126 1543 1224 1620 rurale,
1249 1548 1291 1626 Q.
1312 1546 1447 1609 Caelites
1467 1546 1614 1629 legitur.¹

301 1648 345 1709 L.
370 1645 529 1709 Domitius
558 1655 689 1725 praetor
719 1639 854 1702 Siciliam
879 1635 1075 1712 obtinuerat,
1112 1650 1206 1722 atque
1236 1638 1412 1700 seueritatis
1442 1639 1613 1719 exeurplnm

244 1793 246 1802 .
302 1740 332 1801 in
356 1751 534 1820 pastorem,
560 1734 614 1817 qui
637 1757 748 1815 aprum
772 1732 928 1794 venabulo
952 1742 1170 1812 percusserat,
1206 1731 1359 1804 ediderat,
1390 1735 1476 1815 quod
1500 1754 1540 1794 ex
1565 1728 1614 1793 Ci-

302 1833 427 1896 ceronis
450 1835 552 1896 Verr.
576 1830 658 1892 Vll.
682 1849 754 1908 cap.
779 1827 811 1888 3.
856 1824 1006 1888 Valerius
1029 1825 1058 1887 in
1082 1847 1153 1907 cap.
1178 1825 1210 1887 3.
1235 1825 1309 1887 libr.
1330 1827 1394 1913 Yl.
1419 1824 1587 1887 transtulit.

429 2007 531 2140 Anno
561 2072 661 2136 Urbis
692 2072 830 2135 DCLX.
872 2068 1045 2133 Ciceronis
1079 2071 1178 2135 XIV.
1216 2090 1305 2132 coss.
1339 2066 1501 2160 ficerunt

462 2218 506 2291 C.
533 2213 784 2291 VALERIUS
812 2209 1057 2331 FLAUCCUS,
1085 2212 1133 2307 Ill.
1162 2212 1461 2289 HERENNIUS.

386 2375 436 2440 M.
459 2372 644 2436 Herennius
674 2372 700 2432 is
733 2382 795 2446 est,
832 2367 884 2451 qui
911 2367 943 2429 in
973 2367 1155 2430 consulatus
1185 2366 1336 2449 petitione
1364 2370 1406 2430 L.
1437 2368 1614 2450 Philippum

303 2470 485 2552 superavit:
518 2471 556 2529 de
587 2490 651 2549 quo
684 2465 800 2529 Cicero
831 2466 860 2525 in
892 2463 994 2523 Bruto
1027 2481 1097 2540 cap.
1124 2462 1176 2523 15.
1229 2462 1355 2524 Eodem
1388 2471 1538 2541 tempore
1570 2458 1614 2521 ‚ll-

302 2565 495 2627 Herenuius
517 2564 550 2622 iu
578 2556 802 2623 mediocribus
830 2558 1039 2632 oratoribus,
1059 2554 1177 2616 Latine
1199 2562 1230 2616 ct
1252 2552 1432 2632 diiigenter
1453 2552 1614 2633 loquenti·

303 2653 382 2729 bus,
402 2660 599 2714 numeratus
618 2658 687 2712 est:
710 2651 770 2729 qui
792 2655 905 2708 tuanen
929 2666 1062 2709 summa
1087 2643 1264 2705 nobilitate
1285 2643 1473 2720 bominem,
1496 2661 1616 2723 eogae-

303 2746 411 2818 tione,
431 2740 631 2815 socialitate,
653 2732 829 2823 collegio,
850 2756 983 2798 summa
1001 2738 1104 2799 etiam
1126 2735 1337 2814 eloquentia.
1358 2732 1395 2793 L.
1416 2734 1615 2820 Pirr'lippum,

303 2836 337 2894 in
366 2832 566 2893 consulatus
590 2830 749 2909 petitione
771 2830 962 2906 seperare,-
992 2840 1022 2888 et
1048 2846 1110 2906 pro
1138 2824 1276 2885 lllurena
1306 2843 1363 2902 cap
1389 2826 1439 2884 17.
1484 2826 1563 2904 Quis
1584 2821 1615 2882 L.

304 2923 517 3002 Philippum,
538 2939 669 2980 summo
695 2918 847 2999 ingenio,
885 2938 1012 2998 oriere,
1045 2915 1397 2997 gratia,nobiiitate,
1428 2916 1525 2979 a'JlI.
1553 2914 1616 2977 He·

303 3015 419 3075 rennio
447 3012 605 3091 superari
627 3029 723 3089 posse
745 3008 928 3091 arbitratus
953 3010 1026 3072 est?
1077 3011 1196 3071 'l'otum
1220 3029 1332 3068 anuitm
1364 3008 1449 3071 dorni
1482 3006 1615 3089 lorisque

302 3101 504 3186 tranquillum
529 3100 627 3163 luisse
649 3101 836 3182 Obsequeus
863 3097 972 3161 scribit
995 3123 1071 3184 cap.
1092 3103 1165 3165 112.

502 3353 593 3417 sluuo
616 3350 712 3415 Urbis
733 3350 874 3416 DCLXI.
898 3353 1066 3435 Ciceronis
1086 3354 1159 3416 XV.
1182 3376 1267 3418 coss.
1281 3356 1431 3436 fuerunt

427 3494 468 3568 e.
516 3491 765 3567 susumus
812 3492 1066 3589 susurru,
1122 3496 1172 3568 u.
1223 3451 1513 3572 reuersus(

319 3628 328 3645 .
388 3649 453 3719 Hir.
476 3648 516 3712 C.
541 3646 691 3711 Claudius
713 3650 779 3729 Ap.
804 3648 844 3709 F.
869 3648 982 3709 dieitur
1005 3671 1019 3708 a
1046 3648 1203 3713 Cicerone
1227 3652 1365 3715 Verrius
1389 3653 1453 3716 IV.
1479 3675 1549 3734 cal).
1570 3648 1615 3711 ll]-

272 3802 276 3817 ,
306 3745 399 3811 Alii²
433 3765 494 3804 uou
527 3741 604 3803 rurale
639 3738 678 3803 C.
708 3741 748 3803 F.
772 3742 934 3820 appellare
959 3742 1122 3804 videntur:
1160 3745 1256 3807 ut'sit
1279 3747 1319 3808 Ρ.
1345 3745 1453 3809 Clodii
1477 3759 1615 3828 patruus,

305 3862 397 3925 qttem
421 3837 583 3899 consulem
605 3833 704 3896 fuisse
735 3834 851 3898 Cicero
881 3835 910 3895 in
941 3834 1088 3899 Caeliana
1119 3860 1190 3918 cap.
1217 3842 1268 3900 11.
1294 3841 1443 3901 ostendit.
1501 3826 1618 3901 Claudii

305 3930 484 4016 collegam
507 3925 690 4012 fragmentis
713 3927 967 4008 Capitolinorum
1001 3931 1170 3992 Fastorum
1198 3933 1249 3994 M.
1282 3934 1446 4013 Perperna
1478 3939 1616 3993 vocatur.

305 4032 496 4112 ‚iispns‘prag
537 4023 615 4084 idem
655 4021 832 4084 nominatur
868 4045 886 4082 a
925 4022 1029 4085 Dione
1064 4024 1137 4085 libr.
1168 4024 1264 4086 XLI.
1306 4024 1346 4089 C.
1380 4027 1446 4100 tt,
1493 4022 1545 4086 ubi
1584 4020 1616 4077 dt

306 4120 403 4203 ipsius
427 4128 530 4189 steorte
553 4115 674 4177 scribit.
720 4116 795 4177 Huc
815 4137 897 4178 auno
923 4136 1037 4178 censor
1061 4139 1131 4178 cum
1155 4117 1213 4180 Cn.
1239 4114 1617 4182 tt01niri0fuitL.C1-as-

305 4235 376 4276 sus:
414 4212 501 4274 cuim
523 4231 675 4271 censurae
699 4208 817 4272 Cicero
846 4207 876 4269 in
902 4207 989 4270 libris
1019 4212 1056 4270 de
1081 4206 1221 4273 Oratore
1246 4210 1411 4295 aliquoties
1437 4208 1616 4273 luctationem

306 4306 394 4369 iacit.
451 4306 525 4367 Iloe
554 4300 645 4363 etiam
675 4315 821 4383 tempure
853 4301 1023 4364 clarissima
1053 4301 1105 4364 illa
1128 4302 1190 4365 Μ’.
1224 4303 1313 4367 Curii
1345 4318 1375 4367 et
1405 4305 1457 4366 M.
1486 4293 1617 4382 Coponii

307 4420 399 4460 rausa
433 4399 515 4478 apud
546 4396 772 4459 Centumviros
806 4415 823 4454 a
854 4398 977 4458 duobus
1006 4395 1224 4459 consularibus
1255 4412 1349 4481 atque
1378 4399 1557 4479 aequalibus
1576 4391 1617 4451 L·

308 4492 427 4556 Crasso
451 4489 546 4570 etQ.
572 4490 726 4551 Scaevola
750 4487 874 4550 defensa
899 4503 966 4564 est,
1005 4491 1113 4573 paullo
1145 4504 1215 4553 ante
1247 4486 1338 4575 quarn
1369 4491 1486 4555 Cicero
1516 4489 1545 4550 in
1573 4483 1619 4544 so·

306 4608 376 4648 rum
402 4582 505 4658 venit,
543 4595 574 4644 ut
604 4594 737 4644 testatur
767 4580 834 4662 ipse
865 4603 924 4662 pro
950 4581 1088 4646 Caecina
1112 4607 1181 4668 cap.
1209 4588 1259 4648 18.
1319 4587 1466 4649 Meminit
1490 4580 1618 4646 ciusdem

839 4690 1619 4715 mm!

346 4764 374 4823 1)
395 4754 555 4810 Eirieudasit
578 4759 631 4806 iam
653 4756 805 4806 Manutius.

345 4834 374 4908 2)
396 4835 434 4886 Ut
454 4850 477 4882 r.
497 4850 522 4882 e.
543 4829 701 4901 Latlemand
728 4845 753 4882 ct
776 4830 849 4881 Fasti
870 4829 1021 4902 Capitolini
1051 4820 1185 4889 Piranesii
1212 4830 1453 4906 esupplemcuto;
1482 4825 1617 4898 Ζι-ιιψῑίυ*

308 4914 422 4965 restituit
443 4910 528 4979 Appii
540 4904 646 4978 stitus.'
