3322 5584
312 387 374 451 242
716 385 768 450 M.
791 382 955 450 TULLII
977 380 1228 449 CICERONIS

313 546 377 605 est,
401 527 432 592 in
455 548 491 590 ea
507 525 681 591 Sestianam
705 525 846 608 primum·
859 524 1013 610 integram
1034 523 1116 608 legi,
1141 524 1227 606 quod
1248 519 1371 606 insigne
1393 519 1525 588 meritum
1543 526 1602 592 olin

311 625 485 706 putabatur
511 620 734 705 Hervagianae
768 632 799 683 et
830 619 1049 683 victorianae.
1104 616 1253 700 Quinque
1285 617 1435 679 hactenus
1464 616 1603 683 innotuere

314 715 539 801 exemplariat
563 717 626 778 duo
656 713 802 776 dicuntur
830 711 987 777 asservari
1017 712 1046 775 iu
1077 710 1276 776 Bibliotheca
1311 710 1416 795 Regia
1444 710 1605 787 Parisiensi3

313 809 441 873 tertium
464 820 512 872 est
535 810 703 893 Augustae
726 806 959 882 Taurinorum,
991 818 1137 890 qurertum
1161 804 1334 890 Lugduni,
1364 803 1500 888 qrtinturu
1526 828 1607 889 nuper

313 926 416 966 merrm
439 904 555 966 iactuum
587 925 627 966 cx
657 900 802 965 arretione
823 901 898 964 libr.
931 901 1020 984 dupl.
1050 899 1264 963 bibliothecae
1296 899 1370 962 item
1400 898 1610 983 Lugdunensis.

314 997 410 1079 Quod
433 1007 535 1060 curtem
559 997 589 1060 in
612 1007 728 1059 tantam
752 991 943 1057 oblivionem
967 993 1098 1068 cecidit,
1132 993 1166 1056 id
1196 994 1246 1056 vel
1279 1014 1352 1056 casu
1381 993 1501 1076 aliquo,
1533 993 1610 1057 veluti

313 1090 478 1166 incendio,
503 1091 619 1154 factum
643 1088 786 1163 videtur,
812 1087 862 1150 vel
885 1087 957 1171 quia
979 1099 1054 1171 post
1076 1087 1296 1173 Hervagiuur,
1321 1086 1516 1163 Victorium,
1543 1088 1612 1152 Roh.

313 1188 521 1268 Stephanum,
547 1183 765 1250 Camerarium
792 1202 932 1265 propere
961 1203 1030 1246 sese
1058 1180 1253 1264 excipientes
1285 1201 1378 1245 nemo
1400 1179 1459 1243 iam
1481 1178 1554 1243 illius
1571 1202 1611 1244 eu-

314 1280 406 1363 pidus
431 1292 483 1343 ant
505 1279 649 1344 curiosus
672 1289 753 1340 erat.
872 1266 878 1275 ’
1109 1282 1122 1305 ‘

399 1420 440 1429 -
460 1408 496 1421 -
523 1378 701 1444 orationes.
744 1373 923 1447 3Purtcs.
965 1374 1123 1457 Parisiis,
1146 1371 1225 1440 Sim.
1245 1369 1425 1442 Culiuncus
1449 1369 1553 1439 1532.
1587 1373 1612 1436 a.

400 1513 440 1524 —
461 1514 504 1523 -
525 1474 695 1537 orationes
709 1490 786 1538 curu
796 1471 915 1537 Fruuc.
930 1464 1040 1556 Sylvii
1063 1470 1314 1535 commentariis.
1355 1468 1509 1535 Basileus
1523 1461 1612 1533 1532.

315 1567 325 1598 ι

316 1566 516 1721 1111151511..
530 1654 617 1719 Bibl.
640 1653 747 1717 Musei
771 1653 914 1717 Britaun.
936 1651 1017 1716 Vol.
1042 1652 1071 1714 Ι.
1096 1649 1126 1714 in
1149 1648 1317 1715 Ciceronis
1340 1647 1482 1732 scriptis.

398 1791 442 1802 —
463 1781 503 1794 -
526 1773 568 1819 ex
591 1755 659 1837 opt.
681 1753 822 1837 exempl.
843 1752 1021 1819 collatione
1043 1751 1290 1817 accuratissime
1311 1752 1512 1840 castigatae.
1536 1748 1611 1837 nug-

316 1852 410 1937 duni,
430 1844 512 1916 Set.
535 1847 664 1934 Gryplr.
688 1840 803 1912 1536.
824 1844 860 1910 2.
882 1845 958 1911 Vol.
1002 1845 1036 1910 8.

330 1942 338 1959 ‘
400 1936 470 2018 e*
492 1943 543 2010 Μ.
566 1941 605 2007 ’1.
628 1937 800 2021 Ciceronis
822 1938 1016 2024 Orationes,
1042 1957 1115 2005 eum
1137 1936 1308 2004 doctorum
1337 1938 1494 2018 omnium,
1520 1938 1568 2022 qul
1588 1937 1612 1998 iu

190 2030 192 2035 ’
318 2044 366 2107 eis
387 2043 421 2105 iu
442 2038 531 2104 huuc
553 2054 657 2122 usque
678 2033 763 2100 diem
785 2035 1058 2119 elaboraverunt,
1080 2028 1345 2116 CommeuturliS,
1366 2033 1401 2096 iu
1424 2051 1519 2096 uuum
1538 2030 1615 2095 volu·

317 2155 392 2201 meu
414 2133 555 2203 collutis.
600 2128 729 2210 Quibus
757 2145 932 2194 accessere
966 2145 1032 2189 non
1061 2144 1184 2213 peuce,
1212 2142 1300 2191 nnuc
1328 2126 1467 2211 primum
1498 2127 1569 2189 notu
1592 2125 1615 2186 et

318 2228 417 2294 edito.
437 2226 576 2291 Parisiis
579 2218 601 2308 ,'
614 2222 704 2308 apud
719 2223 877 2289 louuuern
889 2219 1045 2309 Roigny,
1067 2220 1129 2284 sub
1147 2219 1322 2285 Basilisco.
1342 2216 1384 2284 lu
1396 2218 1484 2306 fine:
1498 2217 1616 2296 Parisiis,

317 2318 680 2505 {pippplebrptolloenues
705 2316 888 2445 Lodplcus‚
920 2313 1078 2399 impensis
1104 2315 1153 2379 lo.
1179 2313 1319 2407 Roigny
1352 2308 1469 2380 1536.
1499 2333 1536 2376 m.
1560 2308 1616 2376 Au·
1648 2420 1649 2423 Ἴ

402 2502 477 2564 Fol.
502 2502 529 2564 l.
552 2500 585 2563 b.
609 2499 710 2563 ludex
733 2499 922 2565 Orationum
947 2517 1119 2582 ceruumque
1141 2492 1370 2578 interpretum:
1394 2517 1459 2579 pro
1481 2495 1521 2562 P.
1532 2489 1616 2574 Quin·

317 2596 382 2673 tio,
405 2596 446 2658 F.
470 2594 584 2673 Sylvio
606 2592 742 2675 interpr.
765 2614 827 2676 pro
860 2594 895 2656 S.
919 2589 1042 2656 Roscio
1068 2593 1143 2654 Am.
1173 2611 1242 2652 cum
1273 2589 1412 2655 eiusdem
1438 2606 1548 2653 comm.
1570 2604 1614 2668 pro

313 2688 357 2767 Q.
380 2686 502 2751 Roscio
526 2707 610 2749 com.
634 2686 734 2750 eiusd.
758 2686 895 2768 interpr.
919 2684 1037 2767 explic.
1059 2704 1119 2765 pro
1138 2682 1189 2746 M.
1210 2683 1367 2759 Fonteio,
1401 2682 1501 2746 eiusd.
1521 2699 1611 2746 comm
1648 2734 1649 2741 ,

314 2780 364 2843 ill.
386 2801 449 2861 pro
471 2778 516 2842 A.
541 2776 701 2857 Cecinna,
736 2801 806 2841 cum
834 2780 888 2842 Io.
920 2776 1033 2842 Tislini
1063 2797 1149 2840 novo
1178 2797 1296 2841 comm.
1326 2798 1411 2839 nurnc
1432 2775 1559 2858 primum
1577 2773 1613 2836 ed.

317 2895 379 2955 pro
404 2875 447 2936 A.
474 2871 625 2938 Cluentio
653 2872 774 2938 Habito
798 2895 868 2936 cum
891 2873 932 2937 F.
957 2871 1060 2952 Sylvii
1089 2892 1206 2936 comm.
1228 2893 1291 2954 pro
1321 2868 1363 2936 C.
1387 2869 1531 2951 Rabyrio
1556 2864 1615 2949 (sic)

314 2968 472 3049 perduell.
497 2987 565 3043 reo,
588 2966 688 3030 eiusd.
712 2989 827 3050 expos.
853 2965 970 3049 explic.
995 2965 1026 3029 in
1048 2966 1087 3031 L.
1112 2962 1278 3030 Catilinam
1306 2962 1435 3029 Invedt.
1464 2964 1544 3029 llll.
1564 2977 1615 3023 eun

317 3062 417 3124 ciusd.
449 3082 565 3125 corum.
599 3082 662 3143 pro
686 3062 730 3124 L.
753 3062 910 3139 Murena,
940 3057 1010 3124 cum
1046 3058 1146 3123 eiuad.
1182 3059 1318 3142 interpr.
1346 3081 1410 3142 pro
1439 3060 1483 3122 L.
1511 3057 1614 3124 Flacco,

318 3177 387 3218 cum
415 3155 515 3217 ciusd.
539 3177 655 3218 cormu.
683 3177 745 3237 pro
774 3157 817 3216 L.
841 3155 948 3235 Sylla,
981 3176 1050 3216 cum
1079 3153 1178 3217 eiusd.
1205 3174 1323 3217 comm.
1350 3174 1413 3235 pro
1442 3154 1486 3216 A.
1515 3143 1616 3213 Licinio

317 3249 458 3327 Archia,
482 3250 522 3311 F.
547 3247 649 3329 Sylvii
672 3269 807 3324 comm,
839 3248 993 3330 disputat.
1014 3259 1045 3309 et
1065 3244 1253 3329 paraphrasi
1276 3245 1363 3311 Phil.
1386 3238 1616 3310 Melanchthonis

319 3352 350 3404 et
373 3341 509 3405 artilicio
533 3343 649 3425 Barpt.
672 3343 801 3406 Latorui
836 3343 924 3424 expl.
951 3362 1013 3424 pro
1038 3338 1101 3404 Cn.
1129 3340 1251 3404 Planco
1276 3339 1376 3422 (sic),
1406 3341 1448 3405 F.
1474 3337 1617 3420 Sylvioti

319 3437 432 3519 Barpt.
459 3438 602 3500 Latomo
629 3437 764 3518 interpr.
788 3458 851 3518 pro
873 3436 946 3520 lege
968 3433 1123 3509 Munilia,
1149 3435 1190 3497 F.
1215 3434 1315 3514 Sylvii
1339 3446 1370 3498 et
1393 3435 1464 3497 lae.
1485 3422 1617 3513 Omphtlll

320 3550 438 3592 comm.
466 3528 513 3591 ill.
541 3550 602 3609 pro
627 3530 678 3592 M.
701 3528 817 3593 Coelio
843 3529 896 3597 Io.
921 3527 1045 3591 'l'islino
1065 3527 1201 3610 interpr.
1225 3548 1286 3609 pro
1307 3525 1411 3591 Corn.
1435 3526 1545 3599 Balbo,
1564 3538 1615 3583 cuu

321 3625 362 3685 F.
386 3622 487 3701 Sylvii
513 3644 628 3705 expos.
653 3643 714 3705 pro
738 3624 781 3684 T.
808 3621 917 3686 Annio
939 3621 1081 3695 Milone,
1110 3621 1153 3700 Q.
1181 3618 1315 3683 Asconii
1327 3620 1495 3697 ‘Paediani,
1512 3618 1548 3681 F.
1563 3611 1615 3691 Syl·

321 3716 363 3779 vii
390 3738 506 3779 comm.
532 3728 563 3779 et
590 3715 719 3780 Latomi
748 3713 883 3778 artilieio
915 3713 1033 3796 explic.
1067 3734 1128 3795 pro
1158 3714 1211 3776 M.
1243 3712 1421 3790 Marcello,
1454 3714 1495 3777 F.
1525 3702 1616 3790 Sylvii

322 3811 410 3873 Phil.
435 3809 694 3873 Melanchthonis
725 3821 757 3872 et
787 3809 900 3891 Barpt.
929 3807 1060 3872 Latomi
1088 3828 1204 3871 comm.
1231 3805 1393 3899 cpposita,
1422 3826 1484 3889 pro
1509 3803 1549 3884 Q.
1574 3794 1616 3859 lul

323 3904 433 3987 gario,
460 3905 501 3968 F.
532 3904 643 3985 Sylvio
668 3903 802 3986 interpr.
828 3924 889 3984 pro
915 3904 1007 3987 Rege
1033 3899 1208 3977 Deiotaro,
1239 3902 1351 3971 eodem
1377 3905 1614 3962 commentatore·

322 3997 363 4062 C.
394 3999 500 4081 Crispi
523 3996 665 4063 Sallustii
690 3997 720 4059 in
745 3999 797 4060 M.
823 3999 865 4060 T.
890 3995 1080 4061 Ciceronem
1103 3992 1308 4070 invectivae,
1336 4005 1450 4057 eontra
1472 3980 1615 4056 ciceronis

322 4090 353 4155 in
381 4093 562 4156 Sallustium
592 4090 775 4175 Responsio
807 4111 878 4153 cum
910 4088 1010 4153 einsd.
1042 4110 1158 4153 corum.
1186 4085 1385 4150 ‚Adiecimus
1416 4088 1457 4148 ad
1479 4084 1563 4147 finem
1585 4073 1615 4154 Q·

319 4186 454 4251 Asconii
484 4185 634 4249 Paediaui
663 4186 694 4248 in
724 4183 880 4249 Verrinas
911 4182 1078 4249 Ciceronis
1119 4192 1152 4245 et
1188 4181 1265 4244 alias
1304 4180 1425 4266 aliquot
1458 4174 1615 4244 selectiores

324 4281 487 4343 orationes
512 4279 756 4343 commentarios
777 4277 993 4355 doctissimos,
1018 4274 1257 4361 quindriugentis
1278 4275 1349 4359 plus
1370 4274 1450 4338 loeis
1473 4269 1617 4352 castigaus

328 4385 360 4455 et
388 4373 588 4436 restitutos.''
631 4374 696 4453 (Dc
729 4373 790 4436 hac
814 4371 949 4436 Asconii
976 4369 1162 4435 recensione
1188 4370 1263 4434 eod.
1295 4389 1378 4433 anno
1406 4365 1533 4433 Parisiis
1555 4353 1619 4441 apul

323 4466 379 4624 ito·
408 4465 796 4639 Lodoicpprpr)'siletaurrru
828 4466 921 4529 etiam
949 4466 1052 4531 forma
1084 4465 1252 4549 quadrupl.
1282 4464 1366 4527 edita
1394 4463 1456 4527 cir.
1483 4456 1616 4525 Baiteruu

357 4579 448 4623 scon.
471 4583 506 4642 p.
586 4604 593 4623 .

408 4668 491 4730 Ε-
514 4655 708 4739 Orationes,
736 4658 770 4723 in
793 4677 857 4744 quo
880 4657 998 4740 multu,
1026 4674 1111 4743 quac
1136 4656 1170 4721 iu
1191 4655 1327 4721 ellurum
1350 4655 1522 4722 editionum
1545 4639 1618 4710 libris

325 4756 483 4837 corrupte
507 4753 724 4842 legebantur,
753 4771 796 4818 ex
825 4751 977 4842 diligenti
1005 4753 1213 4816 vetustorum
1238 4750 1438 4835 exemplnrin
1466 4739 1617 4812 construe
1648 4752 1649 4763 ¹

322 4851 400 4910 sunt
428 4844 613 4911 emendate.
662 4847 831 4932 venetiis,
856 4843 944 4929 apud
971 4840 1054 4908 Aldi
1084 4843 1169 4908 tilios
1196 4841 1419 4910 1540-41.
1446 4837 1471 4906 5
1495 4832 1561 4902 Vol.
1589 4823 1615 4888 8·

324 4936 366 5006 P.
381 4936 408 5004 1.
429 4959 471 5005 m.
491 4935 629 5007 Octobr.
659 4938 782 5010 154⁰.
800 4938 829 5025 f.
850 4938 888 5005 4.
909 4933 1031 5022 Proeti
1050 4936 1079 5022 f.
1101 4935 1199 5006 304.
1219 4936 1247 5021 f.
1274 4936 1309 5006 i.
1331 4956 1409 5005 cum
1428 4924 1571 5002 ceneda
1588 4917 1613 4982 tl
