3332 5588
566 348 630 417 DE
652 348 698 417 D.
720 347 956 423 LAMBiiio.
1189 369 1196 416 ,’
1364 353 1426 419 tii

89 491 298 625 Eebpttqrst,
320 488 473 568 Idibus’,
495 490 582 557 xii.
602 486 683 558 itit.
707 490 852 570 Mart.³,
875 489 1015 558 Kalend.
1037 486 1312 599 emuniuit.
1335 493 1425 559 Non.

89 585 212 744 Apuli.
245 678 437 743 'Revereuut
456 675 490 741 iu
511 673 653 754 Gallias,
682 686 810 743 constet
830 646 1023 741 Lambinum
1050 675 1170 742 iactum
1198 698 1270 744 esse
1291 680 1426 749 Parisiis

85 771 282 838 Latinarum
309 770 488 836 litterarum
519 770 742 855 professorem
768 770 908 858 regium.
957 771 1080 836 Munus
1100 783 1206 838 tamen
1227 772 1306 840 illud
1333 776 1426 841 brevi

83 878 238 950 tempore
252 864 406 941 obtinuit,
429 867 470 930 ad
483 865 625 931 Graecae
645 864 769 930 litteras
783 866 945 931 docendus
957 864 1142 931 transistus.
1180 866 1348 954 Significat
1361 872 1425 937 boc

83 960 175 1026 idem
195 959 371 1025 Lambinus
390 958 424 1022 itt
445 956 594 1025 oratione
616 961 770 1046 quadarn,
804 980 899 1045 quant
927 980 1012 1024 anno
1034 959 1131 1024 iiii.
1153 962 1288 1027 Parisiis
1309 965 1426 1029 editam

84 1054 175 1133 viii,
204 1065 300 1139 atque
326 1053 396 1138 ipse
424 1074 460 1118 se
487 1053 613 1119 tertiam
640 1051 790 1118 babuisse
817 1053 968 1130 affirmat,
998 1052 1043 1117 ita
1069 1073 1138 1119 earn
1160 1068 1283 1121 orsust'
1306 1054 1445 1140 „iiiiii

85 1160 176 1230 wat,
204 1147 300 1230 AA„
336 1143 536 1236 quunsnbnem
563 1150 686 1211 teroem
712 1144 804 1234 opud
828 1166 885 1212 ces
912 1167 955 1210 ee
983 1144 1043 1209 ltoc
1071 1143 1140 1210 loco
1167 1152 1341 1215 orationem
1368 1146 1428 1213 lto·

86 1239 216 1323 betrm3
236 1244 362 1305 eddoni
374 1251 584 1330 posteaquam
611 1237 684 1305 burc
709 1246 800 1328 regio
813 1237 941 1328 poblite
963 1237 1100 1303 docendi
1118 1247 1243 1307 muneri
1254 1247 1425 1331 praeposi·

85 1347 142 1399 itas
172 1355 261 1417 sum,
293 1356 376 1400 noco
405 1355 458 1398 res
488 1338 660 1400 metuetur.
712 1332 821 1418 Nutu,
855 1331 938 1397 unde
967 1331 1048 1398 ltaec
1077 1345 1155 1398 nom
1185 1339 1231 1400 sit
1257 1348 1427 1400 commum·

87 1434 154 1511 iio,
187 1439 223 1491 ut
250 1432 306 1517 qui
326 1425 443 1514 paullo
468 1438 543 1491 artie
574 1423 696 1492 liccem
721 1428 853 1495 samm
883 1422 1054 1510 docelmn,
1086 1431 1117 1493 t‘s
1147 1448 1230 1493 asoto
1259 1435 1429 1518 scriptores

88 1519 236 1586 Gmeccs
255 1517 342 1588 vodis
361 1525 564 1607 inerpretari
579 1526 745 1608 ineptiunt,
767 1527 848 1587 scire
869 1542 926 1589 ecs
940 1531 1067 1610 oportet
1083 1533 1148 1589 cet.
1184 1524 1340 1608 Tempus,
1364 1542 1430 1610 quo

85 1617 125 1683 ii
151 1617 292 1695 iactum,
320 1618 475 1682 babemus
501 1619 717 1684 exoratione
744 1615 941 1704 Leodegarii
967 1638 986 1680 a
1008 1616 1155 1698 Quercu,
1189 1617 1244 1702 qtti
1266 1618 1427 1683 Lambino

86 1711 268 1788 successit,
290 1707 418 1792 imru,
440 1720 478 1776 ut
496 1709 530 1774 itt
551 1709 647 1777 titulo
669 1710 742 1794 ipso
763 1709 899 1790 dicitur,
924 1713 1013 1774 btio'o
1027 1730 1103 1774 suos
1114 1709 1327 1799 professiones
1340 1732 1425 1775 nanto

89 1806 191 1873 aiii.
214 1804 261 1871 Χ.
283 1802 361 1867 Kal.
382 1803 454 1868 lert.
496 1805 580 1870 Nam
601 1802 635 1869 in
655 1802 712 1868 illa
732 1803 958 1891 Leodegarins
980 1816 1106 1870 narrate
1128 1856 1146 1889 „
1155 1803 1198 1870 A.
1213 1802 1246 1869 cl.
1269 1803 1329 1870 VI.
1350 1803 1430 1870 Idus

89 1897 287 1966 Noveram
300 1895 486 1963 winus
505 1895 648 1960 liusoeus
668 1909 700 1960 ei
717 1893 853 1961 Iacobus
865 1898 1014 1963 Actiones
1035 1942 1207 1969 ......
1223 1916 1290 1986 per
1310 1895 1430 1962 litteras

89 1992 326 2081 ra'gefioomnt,
353 1987 544 2054 Mt‘cltoe‘lem
563 1988 762 2077 Hospitalem
780 1989 989 2056 clarissimum
1009 1989 1187 2065 Galliarum
1207 1990 1429 2058 cancellarium

90 2109 115 2150 a
136 2108 211 2175 rege
230 2088 463 2173 Wpetroctsse,
491 2094 528 2146 ut
551 2102 611 2170 ego
638 2088 673 2147 in
692 2082 855 2171 lambini,
885 2084 939 2150 ills
966 2090 1001 2149 in
1026 2082 1178 2168 lionebi,
1211 2082 1373 2157 iismebus
1393 2089 1428 2151 t'n

96 2178 137 2244 V
132 2182 311 2242 nominati
330 2175 432 2241 mum
451 2173 700 2263 sufficeremus.''
741 2180 1004 2246 Vicomercetutn
1026 2200 1092 2246 non
1112 2180 1194 2245 inter
1214 2179 1327 2266 regios
1348 2201 1429 2265 pro·

89 2275 235 2341 semones
252 2294 322 2338 esse
336 2271 484 2351 desiisse,
507 2273 564 2337 sed
585 2271 680 2337 alium
703 2271 879 2338 obtinuisse
900 2274 1007 2340 iocum
1029 2273 1177 2339 discimus
1198 2273 1332 2351 ibidem,
1356 2296 1428 2340 cum

88 2367 216 2455 regios,
239 2366 296 2453 qui
317 2388 358 2433 eo
380 2376 528 2451 tempore
549 2376 651 2446 etant,
671 2367 876 2451 professores
897 2367 1092 2433 enumerati
1134 2369 1203 2453 Sub
1225 2368 1320 2433 linem
1343 2386 1426 2451 ergo

91 2462 167 2528 anni
189 2462 285 2526 tiit.
307 2482 326 2526 a
347 2458 539 2526 Latinorum
559 2456 759 2546 scriptorum
775 2459 1041 2546 interpretatione
1066 2464 1105 2528 ad
1127 2464 1274 2529 Graecos
1294 2460 1429 2527 Latobi-

91 2577 155 2622 nus
175 2555 314 2621 transiit.
358 2555 496 2638 Quando
525 2575 607 2621 vero
634 2554 770 2637 primunt
792 2556 983 2625 Latinorum
1012 2555 1044 2621 ei
1066 2555 1291 2641 interpretatio
1312 2554 1429 2620 tradita

90 2650 153 2730 eit,
176 2672 260 2715 nunc
280 2651 511 2736 quaerendum.
548 2646 632 2713 Eiici
652 2648 685 2712 id
704 2669 803 2733 posse
824 2661 905 2734 puto
927 2649 1051 2717 exalia
1072 2650 1240 2730 oratione,
1264 2669 1358 2734 quarn
1373 2668 1430 2713 eo·

86 2746 167 2809 deut
189 2764 272 2809 anno
295 2744 392 2808 1562.
414 2740 525 2807 babuit
545 2740 740 2819 Lambinus,
763 2765 834 2807 cum
856 2744 1110 2828 Philippicarum
1124 2743 1351 2812 Demosthenis
1372 2764 1440 2808 ex·-

87 2837 296 2923 piicationem
324 2847 410 2901 essct
438 2856 586 2901 orsurus.
637 2837 720 2901 Nam
748 2858 820 2901 cum
846 2836 940 2903 initio
965 2840 1022 2918 (ut
1048 2838 1160 2903 titulus
1182 2837 1251 2922 ipse
1272 2835 1429 2904 orationis

87 2930 298 3017 significato
325 2929 486 3013 publicam
514 2927 720 2996 calamitatem
749 2932 951 3016 deplorasset
981 2932 1232 3019 contulissetqtte
1260 2930 1427 3016 pristinam

89 3026 278 3092 scholarum
300 3023 517 3088 celebritatem
539 3045 612 3088 cutn
627 3045 683 3101 ea,
707 3047 790 3110 quae
810 3038 887 3091 tunc
907 3037 992 3104 erat,
1014 3025 1182 3105 vastitate,
1204 3036 1241 3092 ut
1261 3048 1333 3091 cunt
1353 3024 1430 3091 olim

87 3140 173 3205 rege
194 3118 369 3185 Francisco
391 3118 422 3184 i.
446 3130 479 3183 et
500 3117 645 3184 chrico
666 3119 717 3186 11.
740 3124 781 3184 ad
801 3119 917 3206 viginti
937 3119 1155 3186 studiosorum
1176 3119 1426 3185 adolescentium

87 3212 181 3279 milia
216 3224 461 3278 numerarentur
495 3224 592 3298 atque
627 3212 659 3276 in
691 3212 762 3292 ilia,
801 3235 864 3300 qua
895 3214 1057 3292 docebat,
1092 3214 1189 3292 aula,
1225 3218 1322 3280 modo
1360 3224 1427 3277 tre·

86 3306 195 3386 centi,
223 3309 321 3372 modo
342 3304 585 3392 quadringenti,
612 3304 769 3372 interdum
790 3305 958 3395 quingenti
979 3318 1012 3373 et
1033 3306 1177 3372 sexcenti
1198 3307 1317 3372 assidui
1338 3306 1429 3372 audi-

85 3413 181 3466 tores
209 3413 452 3485 comparerent,
482 3423 566 3466 anno
596 3400 764 3485 superiore
793 3413 945 3466 centenos
972 3423 1013 3467 re
1048 3404 1243 3467 ducentenos
1266 3401 1429 3472 auditores

86 3493 242 3570 vidisset;
286 3495 342 3560 ilio
388 3516 469 3561 vero
512 3516 616 3574 anno,
662 3489 765 3570 ,bello
807 3497 906 3581 inspic
942 3516 980 3558 co
1049 3507 1100 3577 to,
1138 3493 1323 3581 pestilentia
1356 3492 1437 3556 sae-'

86 3591 221 3654 sesaimo
240 3599 366 3670 coorto,
396 3592 582 3677 quingentos
608 3585 822 3652 adolescentes
849 3583 1000 3651 bonorum
1025 3586 1197 3653 Iltismrum
1218 3583 1429 3675 bonaruneque

85 3685 207 3745 maiam
226 3679 385 3745 smdiosos
405 3676 570 3769 repenie’'
597 3680 654 3746 vix
681 3694 809 3765 posset3
838 3682 870 3745 in
891 3682 1092 3770 gymnasium
1113 3705 1193 3749 vero
1215 3682 1274 3748 vix
1294 3683 1428 3745 auderet

87 3795 225 3858 sperare
256 3779 506 3864 ,quinquaginta
534 3772 680 3837 cassidum
711 3771 870 3837 auditores
899 3774 1038 3864 quotidie
1067 3773 1114 3840 od
1140 3796 1177 3839 se
1206 3786 1264 3838 atat
1291 3778 1428 3862 quemvis

90 3864 192 3930 alium
212 3888 230 3931 e
250 3865 383 3956 collegis
403 3866 593 3932 medendum
617 3862 869 3933 conrenoonsc''
896 3869 971 3949 ubi,
999 3869 1146 3954 inquam,
1174 3871 1240 3934 boo
1258 3869 1313 3933 iiie
1335 3889 1428 3933 exse·

130 4090 146 4137 a
186 4080 240 4153 Ep.
258 4082 338 4136 ant.
359 4098 421 4153 pop.
440 4082 508 4142 itis.
535 4107 572 4126 -
594 4087 626 4149 2)
651 4083 726 4138 ibid.
746 4100 829 4158 pagg.
847 4082 915 4143 itis.
944 4112 977 4126 -
1006 4082 1038 4157 i)
1056 4082 1130 4139 ibid.
1148 4085 1219 4157 App.
1239 4100 1302 4152 pag.
1323 4087 1368 4140 27.
1389 4108 1428 4125 -·

88 4157 123 4224 d)
157 4154 215 4210 bid.
233 4172 297 4228 pag.
310 4162 357 4215 to.
380 4184 412 4199 -
434 4161 464 4225 5)
485 4157 556 4213 ibid.
575 4174 640 4231 pag.
655 4161 701 4216 19.
717 4186 756 4201 ·-
774 4157 805 4225 6)
824 4161 889 4214 Duo
909 4160 1019 4229 linquae
1038 4175 1150 4215 sanare
1168 4165 1332 4231 interpretes
1351 4157 1430 4215 Mer-

88 4247 171 4285 cerns
198 4246 227 4284 et
250 4231 498 4303 Quinqnarboreus
530 4270 539 4288 .
575 4272 583 4289 .
617 4271 626 4289 .
661 4271 670 4288 .
709 4233 766 4288 dno
790 4251 884 4289 euterrt
908 4234 1140 4309 pbilosophorum
1167 4249 1195 4288 st
1221 4236 1429 4303 astrologorum

88 4321 263 4360 enarratores
283 4307 488 4362 vicomercatns
506 4324 535 4361 et
554 4308 711 4375 Hamelins,
731 4314 822 4380 regius
841 4326 906 4363 rero
925 4326 1078 4379 aureosque
1096 4313 1178 4384 polita
1197 4307 1318 4362 loannes
1337 4310 1430 4361 bura-

89 4398 138 4438 tns
157 4417 166 4434 .
186 4417 223 4435 ..
250 4379 366 4435 laoobos
385 4381 531 4455 Goupylns
555 4384 728 4437 medicorum
751 4385 939 4457 coryphaeos,
966 4399 995 4438 et
1013 4384 1113 4439 Petrus
1134 4386 1234 4438 liamus
1253 4383 1429 4454 eloquentiae

86 4474 123 4512 ac
142 4456 334 4526 philosophiae
352 4461 529 4525 gravissimus
548 4455 713 4529 professor.
732 4495 741 4514 .
760 4496 770 4514 .
789 4459 925 4514 Adrianus
937 4459 1085 4513 ‘l'nrnebns
1100 4474 1190 4514 noster
1203 4474 1298 4524 amor,
1317 4460 1438 4521 poetrae'

86 4536 181 4603 gentis
200 4547 405 4587 ornamentnm.
424 4558 462 4575 -
482 4538 512 4601 7)
531 4534 659 4605 Dionysii
672 4533 801 4589 Lambini
813 4534 1058 4598 Monstrolieosis‚
1078 4531 1249 4588 Graecarum
1268 4532 1428 4588 litterarum

88 4607 215 4661 doctoris
235 4610 322 4676 regii,
342 4610 433 4661 oratio
453 4611 585 4678 postridie
604 4606 670 4662 idus
690 4611 758 4665 Dec.
777 4609 866 4678 pridie
883 4625 969 4679 quant
989 4608 1211 4680 Philippicarum
1231 4607 1428 4663 Demosthenis
1481 4660 1484 4667 ,

87 4680 308 4754 explicetionem
326 4698 404 4735 orsos
423 4697 464 4736 est
481 4699 557 4738 anno
577 4683 659 4740 1562.
687 4686 718 4738 in
742 4684 807 4739 ania
829 4687 966 4755 qtmnesii
985 4680 1241 4741 Sematobrinensis
1259 4681 1372 4743 habita,
1397 4685 1428 4736 in

87 4772 145 4828 qna
166 4761 288 4828 primum
309 4757 450 4827 publicam
469 4758 656 4811 calamitatem
675 4759 818 4831 deplorat,
837 4756 938 4812 deinde
957 4763 1095 4833 privatum
1114 4774 1198 4811 suum
1217 4756 1429 4815 incommodum

85 4849 238 4901 oasnmque
256 4830 402 4885 adversum
421 4847 639 4897 commemorat;
664 4851 803 4906 postremo
828 4849 915 4904 muca
935 4833 1034 4901 dere,
1060 4848 1088 4888 st
1108 4831 1143 4889 de
1162 4833 1339 4907 Olyntbiacit
1358 4849 1427 4886 ora·

88 4906 234 4975 tionibus,
250 4920 266 4958 a
285 4906 386 4979 quibus
405 4909 518 4962 initium
537 4902 618 4975 iacit,
639 4907 786 4982 praelator.
823 4905 936 4965 Parisiis
954 4909 1118 4966 iibiiiiii.
