3348 5584
305 419 367 481 130

531 412 786 493 ,Menosca
809 414 907 479 VIT.
932 406 1024 480 cic.
1048 408 1142 478 PER
1163 410 1274 480 ANN.
1294 412 1391 478 nic.

525 888 699 979 convenit,
733 893 770 953 nt
794 888 857 975 ipsi
884 888 1045 954 triumviri
1068 890 1117 952 rei
1141 886 1230 973 publ.
1256 883 1508 952 constituendae

524 1001 585 1067 per
602 984 855 1069 quinquennium
880 985 1007 1070 essent,
1038 983 1072 1083 qt
1091 984 1128 1045 ut
1151 981 1380 1142 suosguisque
1398 979 1509 1043 inimi·

526 1096 584 1142 cos
598 1076 832 1163 proscriberet.
873 1078 993 1163 linque
1005 1076 1174 1141 Antonius
1183 1074 1218 1139 in
1259 1075 1433 1155 iceronem,
1455 1073 1508 1156 qni

525 1168 617 1236 Urbe
643 1172 760 1236 relicte
784 1170 943 1235 Asturam
970 1170 1186 1259 confugerat,
1234 1182 1426 1235 ercussores
1445 1169 1510 1229 im·

527 1266 612 1328 misit
629 1262 831 1330 Herennium
846 1264 1070 1332 centurionem
1086 1266 1119 1326 ct
1136 1256 1188 1326 iti.
1255 1260 1365 1347 pilium
1375 1258 1510 1325 Meua-

527 1360 609 1446 tem,
635 1377 657 1423 a
679 1358 797 1444 qulbus
821 1354 898 1424 v11.
914 1356 964 1424 id.
980 1356 1182 1425 Decembres
1198 1357 1397 1424 interiectus
1416 1356 1476 1419 est.

571 1566 691 1644 „Nihil
706 1579 767 1633 tnm
790 1566 952 1657 indignum
971 1568 1027 1634 illo
1049 1581 1192 1652 tempore
1209 1566 1287 1643 litii,
1312 1587 1405 1653 quiam
1423 1542 1511 1647 quod

530 1672 583 1724 eut
599 1659 719 1726 Caesae·
736 1661 872 1746 aliquem
888 1662 1092 1745 proscribere
1109 1672 1239 1726 cosctus
1253 1672 1300 1723 est
1320 1671 1374 1722 sest
1388 1659 1429 1721 sb
1442 1656 1508 1719 ullo

530 1752 647 1818 Cicero
661 1756 863 1841 proscriptus
886 1769 934 1820 est
957 1757 1140 1841 abscisaque
1158 1754 1278 1817 scelere
1290 1750 1425 1828 Antonii
1445 1770 1510 1813 vox

530 1847 655 1929 plublice
670 1861 728 1926 est,
754 1871 822 1915 cum
838 1849 904 1914 eius
918 1850 1050 1915 saliitem
1064 1870 1155 1913 nemo
1168 1846 1367 1923 defendisset,
1386 1844 1441 1929 qui
1452 1863 1511 1926 per

530 1953 578 2031 tot
607 1963 705 2007 anuos
732 1934 777 2006 et'
794 1946 952 2027 pubiicum
978 1943 1114 2009 civitatis
1139 1954 1170 2005 ct
1201 1940 1357 2025 privatam
1394 1939 1510 2004 civium

532 2034 726 2101 defenderat.
769 2038 857 2101 Nihil
875 2050 979 2102 tamen
1004 2036 1119 2125 egisti,
1149 2036 1201 2101 M.
1226 2034 1371 2102 Antoni:
1406 2029 1511 2119 (cogit

533 2126 614 2191 enim
652 2131 806 2194 excedere
839 2132 998 2215 propositi
1033 2133 1167 2197 formem
1202 2130 1309 2214 operis
1344 2148 1512 2210 erumpens

533 2220 636 2285 enimn
657 2244 694 2285 sc
711 2235 842 2305 pectore
863 2224 1077 2312 indignatim)
1109 2225 1201 2305 nihil,
1231 2225 1376 2311 inquam,
1401 2220 1509 2306 egisti,

533 2319 705 2381 mercedem
723 2318 937 2382 caelestissimi
959 2321 1025 2387 oris
1037 2332 1067 2383 et
1086 2318 1249 2384 clarissimi
1264 2317 1376 2402 cspiiis
1396 2313 1513 2381 abscisi
1568 2384 1573 2393 ¹

531 2414 724 2476 numerando
747 2423 1048 2500 siictorsmentoque
1076 2412 1202 2479 funebri
1232 2415 1273 2479 sd
1304 2420 1512 2477 conservato·

531 2502 573 2568 ris
595 2509 752 2590 quondam
780 2507 995 2592 reipublicae
1022 2506 1163 2592 tantique
1185 2528 1251 2571 cos.
1270 2505 1431 2569 invitando
1457 2523 1511 2565 ne·

530 2618 610 2661 cem.
653 2599 803 2682 Rapuisii
830 2611 864 2665 tu
898 2603 951 2666 Μ.
983 2599 1133 2666 Ciceroni
1163 2599 1263 2663 lucem
1289 2598 1456 2662 sollicitam
1478 2606 1510 2659 et

532 2702 662 2754 aetatem
706 2693 834 2770 senilem
872 2707 904 2761 ct
935 2698 1027 2760 vitam
1061 2691 1258 2757 miseriorem
1294 2706 1326 2758 te
1353 2689 1509 2776 principe,

532 2806 624 2869 quem
652 2787 712 2849 sub
739 2797 771 2850 te
800 2787 966 2855 triumviro
996 2799 1149 2852 niortemz
1184 2788 1297 2853 lamam
1329 2806 1408 2851 vero
1438 2786 1511 2870 glo·

532 2878 673 2964 cinisque
704 2878 862 2946 factorum
891 2894 986 2966 atque
1013 2879 1172 2945 dictorum
1202 2884 1281 2946 adeo
1311 2903 1376 2947 non
1403 2882 1510 2942 abstu-

533 2971 613 3050 listi,
639 2985 672 3037 ut
696 2971 839 3039 cerneris.
879 2976 970 3040 Vivit
987 2974 1137 3060 vivetque
1156 2996 1215 3058 per
1239 2997 1361 3041 omnem
1384 2974 1510 3039 seculo·

530 3086 600 3128 rum
634 3069 836 3155 memoriam
871 3071 1006 3154 dumque
1035 3069 1097 3132 boc
1126 3068 1179 3131 vei
1207 3067 1294 3133 sorte
1323 3068 1374 3132 vei
1398 3066 1510 3150 provi·

531 3159 634 3224 dentis
662 3161 713 3224 vel
742 3174 901 3248 ritcunque
923 3162 1126 3227 constitutum
1156 3183 1261 3227 rernm
1290 3176 1417 3226 nstucse
1438 3181 1512 3225 cor·

532 3275 612 3335 pus,
646 3257 733 3340 quod
753 3255 807 3320 ille
822 3279 924 3340 paene
941 3257 1030 3322 solus
1054 3256 1274 3321 Romanorum
1296 3257 1401 3323 animo
1419 3253 1508 3329 vidit,
1585 3320 1588 3331 ,

530 3347 660 3432 ingenio
678 3350 864 3432 complexus
886 3362 953 3428 cst,
977 3349 1156 3433 eloquentis
1177 3349 1381 3428 illuminavit,
1408 3369 1512 3414 mnne-

530 3443 576 3505 bit
590 3442 761 3522 incolume,
794 3444 940 3509 comitem
959 3444 1029 3508 sevi
1050 3444 1101 3509 sni
1121 3445 1244 3508 lacedem
1264 3443 1430 3510 Ciceronis
1446 3456 1511 3506 trs·

530 3536 604 3611 het;
635 3537 800 3621 omnisque
829 3537 1002 3620 posteritas
1032 3538 1116 3603 iliius
1141 3539 1223 3605 inte
1246 3537 1512 3622 scriptsmirsbi·

530 3640 601 3705 tur,
635 3641 721 3693 tuum
744 3631 773 3693 in
795 3650 864 3693 eum
890 3631 1007 3695 iactum
1027 3633 1267 3708 exsuci-ebitum
1301 3633 1457 3718 citiusque
1477 3632 1510 3694 in

531 3725 646 3787 mundo
669 3746 768 3810 genus
789 3725 949 3789 hominum
973 3747 1064 3812 quem
1088 3728 1198 3807 (huius
1221 3731 1354 3807 nomen)
1382 3725 1509 3791 cadet.''

1129 3843 1217 3908 Veii.
1235 3843 1317 3906 eet.
1339 3843 1389 3908 ΙΙ.
1413 3839 1466 3905 66.
