3332 5588
555 403 619 473 DE
640 407 686 474 D.
709 405 946 474 LAMBINO.
1357 402 1422 472 teo

82 540 261 609 Lambinus
282 538 315 610 in
338 542 474 630 epistola
494 546 549 612 ilia
569 550 714 634 praefixa
736 547 909 615 Ciceronis
935 540 1079 625 „ibium
1099 541 1146 626 (iu
1166 541 1274 627 ltalia)
1296 541 1339 633 Q.
1353 543 1421 610 Ho-

79 644 196 701 ratium
223 637 373 703 Flaccum
400 661 469 705 enm
496 639 730 730 exemplaribus
755 645 909 732 antiquis,
938 660 1070 729 quonam
1095 660 1215 727 magite
1242 648 1292 703 esi
1317 642 1351 703 in
1372 642 1421 703 eis

80 728 161 793 locis
189 736 301 818 eopia,
330 738 529 820 comparari,
557 757 672 825 eosque
692 733 788 800 duces
806 748 900 825 utque
919 744 1063 798 moeiores
1082 743 1223 815 scennis,
1252 729 1367 796 multos
1386 737 1422 796 in

79 845 120 887 eo
134 825 237 910 poiiu
257 822 344 888 loeos
363 838 397 890 et
414 824 581 891 mendosos
601 827 766 894 emendavi
783 841 818 895 et
835 826 1014 915 implicatos
1033 824 1202 913 explicari.

167 921 200 985 8.
243 922 354 1006 Atque
385 921 471 985 addit
501 924 540 985 de
570 921 703 1009 reliquis
732 923 887 1008 operibus
914 920 1000 986 suist
1034 918 1186 1009 Idemque
1212 922 1248 983 iu
1273 916 1421 985 Lunna

72 1012 206 1098 perfici
229 1025 286 1076 aui
311 1024 395 1076 cerie
420 1025 550 1077 conatur
575 1036 654 1081 suen.
704 1014 765 1082 His
792 1013 884 1080 rebus
909 1012 1048 1078 secunda
1072 1011 1232 1077 itominum
1261 1011 1419 1079 maante

76 1101 252 1185 absolutes,
279 1128 350 1169 eum
377 1103 511 1171 alienun
538 1105 721 1192 muliirrum,
749 1121 813 1174 tum
839 1112 979 1175 maaian
1005 1106 1117 1173 Errioi
1140 1105 1289 1169 Memmii
1309 1104 1344 1171 C.
1373 1106 1417 1172 V.

78 1195 258 1285 supplicum
280 1195 452 1263 iieionaa
475 1205 508 1265 ia
528 1200 631 1289 Regio
651 1208 799 1291 mugitui
814 1201 958 1293 iterium,
986 1202 1080 1287 eoept'
1104 1202 1141 1264 t‘n
1159 1197 1209 1266 M.
1235 1196 1340 1264 initio
1365 1197 1418 1262 Ci-

77 1312 211 1372 serane,
240 1296 328 1355 cuius
353 1315 405 1357 me
425 1293 661 1381 perstudiosun
676 1294 803 1383 fussee,
832 1298 888 1385 qui
911 1315 962 1361 me
977 1296 1110 1380 penitus
1128 1300 1297 1372 neronem,
1325 1302 1421 1359 tester

78 1382 161 1447 milti
178 1406 248 1447 esse
263 1397 416 1471 possunt,
444 1385 528 1451 idem
548 1409 662 1474 cupere
676 1400 855 1476 praestate.
899 1387 1016 1454 Subdit
1037 1388 1077 1450 de
1099 1384 1263 1450 veteribus
1284 1385 1376 1450 libris
1398 1406 1418 1450 a

79 1499 116 1542 se
136 1477 291 1561 inspeetis
314 1490 346 1543 et
365 1480 492 1559 studio,
524 1484 613 1567 qttod
637 1481 671 1546 iu
698 1483 749 1547 his
776 1481 930 1566 impendit
951 1477 1109 1545 bs'enniurn
1128 1500 1200 1544 eutn
1220 1499 1306 1542 aneto
1327 1476 1421 1541 dimi-

78 1569 152 1650 dio,
175 1569 329 1659 etpaullo
342 1571 489 1660 amplius.
526 1577 571 1641 Et
586 1573 778 1641 Ciceronem
800 1575 927 1663 quidem
949 1575 1096 1662 vulgavit
1117 1596 1152 1639 er
1174 1573 1296 1642 1566.ι
1317 1584 1416 1657 atque

80 1666 201 1730 Errioo
223 1667 380 1733 Memmio
402 1668 589 1733 dedicarit.²
634 1666 791 1735 Triennio
818 1680 892 1734 aute
912 1667 1100 1733 Lucretium
1130 1667 1313 1732 uuiversum
1335 1686 1419 1731 uun·

80 1759 213 1841 euparit
235 1758 360 1825 Carrio
381 1761 470 1838 lx.;
503 1761 649 1845 singulos
677 1782 758 1827 vero
787 1762 889 1828 libros
916 1760 1071 1842 diversis,
1105 1760 1224 1826 Errioo
1247 1760 1417 1842 Memmio,

77 1852 123 1916 P.
140 1853 331 1931 Ronserdo,
355 1854 518 1921 Germano
533 1854 666 1919 Valenti
683 1854 885 1940 Pitupttntio,
908 1856 1056 1933 Mureto,
1079 1852 1227 1919 Adriano
1244 1855 1416 1933 Turnebo,

78 1944 132 2012 Io.
152 1949 294 2012 Aursto.
337 1948 474 2012 Praeter
494 1949 575 2026 hos,
606 1970 691 2034 quos
719 1970 760 2015 eo
790 1949 866 2015 loeo
895 1961 1023 2014 veteres
1051 1958 1201 2013 auctores
1223 1968 1242 2012 a
1263 1969 1300 2011 se
1321 1967 1419 2013 reeo-

79 2038 190 2122 gnitos
212 2040 404 2119 nominavit,
429 2040 524 2105 edidit
547 2064 577 2106 a.
602 2043 697 2110 1569.
738 2040 873 2108 Aemilii
890 2037 1007 2124 Probi,
1039 2061 1096 2104 seu
1119 2037 1262 2105 Cornelii
1281 2038 1422 2126 Nepotis

80 2128 133 2196 lib.
155 2130 197 2196 de
218 2138 282 2197 uita
301 2133 519 2197 eeneilenn'ran
539 2132 784 2221 imperatorum,
818 2134 972 2199 adiunctis
992 2133 1071 2199 satis
1092 2133 1201 2220 longis
1222 2143 1423 2200 commenta·

80 2225 153 2290 riis.
197 2228 247 2292 lta
275 2249 355 2293 vero
384 2249 456 2294 euru
480 2229 597 2293 librum
619 2227 801 2313 inscripsit,
831 2228 888 2315 qui
916 2249 1002 2293 nune
1017 2226 1171 2294 Cornelii
1192 2226 1332 2310 Nepotis
1358 2246 1421 2292 no·

81 2407 163 2460 bimae
181 2407 249 2478 quid
264 2413 304 2462 st't
322 2426 443 2482 erepere.
480 2409 536 2463 Hie
554 2427 657 2483 quopree
675 2418 746 2463 note
765 2411 941 2481 iiiemeum,
978 2411 1029 2465 Aa
1046 2410 1092 2467 od.
1111 2415 1158 2472 si.
1185 2410 1228 2465 ai
1242 2410 1333 2465 verbu
1356 2416 1423 2467 tius

82 2482 152 2555 Syra
179 2498 302 2558 reparata
328 2502 419 2539 meroe
437 2481 590 2539 Mreretus:
616 2505 648 2539 ex
670 2492 874 2541 oommentario
892 2506 957 2542 meo
976 2491 1006 2541 iu
1025 2486 1180 2543 Catullum.
1216 2486 1268 2541 Aa
1283 2504 1422 2541 comnmis-

81 2567 140 2613 ter.
160 2557 205 2610 od.
226 2561 271 2617 16.
289 2559 337 2614 lib.
356 2565 386 2633 ².-
406 2560 589 2631 suisignevit
606 2559 697 2614 veria
715 2560 845 2614 Lambini
862 2563 931 2617 ilie:
957 2566 1049 2635 Atque
1071 2561 1141 2617 itaee
1158 2567 1285 2636 quamvis
1304 2581 1362 2617 non
1382 2568 1422 2617 ita

81 2639 177 2704 magui
197 2635 342 2704 ponderis,
361 2639 474 2707 quidam
494 2653 560 2690 eom
579 2645 662 2691 sciret
683 2653 697 2688 a
716 2653 762 2689 me
782 2653 916 2711 occupata
937 2639 991 2692 sibi
1012 2640 1193 2691 iniustissime
1213 2641 1353 2708 arrogavit
1367 2651 1422 2693 oet.

81 2708 167 2762 eredo
185 2708 260 2779 qnod
275 2728 306 2762 se
323 2719 465 2780 spectasse
484 2712 630 2765 erederett
648 2719 678 2764 et
695 2709 737 2763 ed
752 2710 825 2765 oden
842 2720 1001 2786 sequentem
1018 2715 1067 2764 ubi
1080 2717 1214 2784 scripsitt
1243 2712 1365 2783 Quidam
1379 2717 1424 2769 sir

83 2786 202 2850 doetus,
230 2802 295 2839 curn
321 2786 396 2840 hune
415 2786 509 2842 iocum
529 2788 639 2859 legisset
658 2785 731 2861 apud
751 2790 940 2844 moveretur
965 2804 994 2844 et
1013 2793 1111 2856 sciret,
1136 2805 1181 2843 me
1199 2788 1251 2842 laos
1270 2804 1424 2843 sommen-

20 2914 27 2921 ,
82 2864 165 2914 terios
187 2876 245 2912 tutu
266 2856 421 2928 editurum,
441 2880 507 2915 cum
527 2861 695 2917 resedissem
715 2876 742 2915 et
761 2863 916 2926 limantemt
938 2863 1007 2921 ΧΠ.
1026 2879 1108 2936 oaput
1125 2862 1191 2918 libri
1210 2865 1240 2918 2.
1260 2866 1358 2918 variet.
1376 2863 1423 2917 ls-

81 2937 206 2987 etiottutn
229 2952 342 2990 suarum
361 2955 394 2989 ex
414 2937 456 2991 itis
477 2941 660 2990 eoneinntvit.
699 2935 821 2990 Addidit
837 2938 987 3008 Muretus,
1007 2935 1183 2992 mendesium
1204 2936 1423 3010 impudentissi-

82 3025 177 3075 mum,
204 3016 233 3061 et
255 3012 352 3081 paullo
374 3019 457 3081 post,
486 3012 597 3084 quando
621 3009 655 3063 de
675 3011 742 3084 Gya
766 3018 832 3082 egit
851 3012 1005 3066 Lambinus
1028 3030 1067 3065 ee
1085 3010 1278 3085 Apollodoro,
1306 3013 1331 3067 E
1350 3018 1422 3067 meis

83 3087 163 3136 ratiis
190 3084 366 3141 lectionibus.
405 3087 456 3139 Ad
479 3091 709 3140 commentarium
733 3090 764 3140 in
788 3087 834 3145 od.
853 3093 883 3146 5.
907 3089 955 3142 iii.
974 3091 1002 3147 ii.
1027 3086 1074 3139 ubi
1099 3088 1140 3139 ad
1156 3087 1246 3141 verbe
1270 3085 1423 3142 laudantur

81 3157 169 3212 simili
188 3161 265 3230 prole
286 3161 390 3214 Catulli
407 3162 499 3215 locum
513 3161 645 3234 profert;
667 3162 723 3217 hoe
740 3180 792 3234 ego
810 3179 969 3218 notaveram
989 3168 1019 3218 tn
1040 3164 1119 3218 illum
1138 3164 1235 3218 laeum
1249 3160 1370 3224 Catuli13
1389 3170 1421 3215 et

82 3232 124 3284 ad
141 3237 226 3286 vitem
246 3236 357 3302 viduas,
379 3237 426 3289 uli
444 3240 577 3291 similiter
588 3238 740 3292 smirna
758 3243 820 3305 ait,
836 3234 909 3291 eiiii
927 3257 958 3292 se
976 3236 1085 3308 aliquot
1103 3256 1140 3290 ese
1160 3236 1274 3291 Catullo
1292 3236 1423 3309 exempla

82 3316 256 3376 annotasse,
276 3308 428 3365 Muretust
447 3331 462 3366 e
482 3320 550 3368 ttteis
573 3317 782 3368 commentariis
801 3328 927 3389 sumpta,
946 3312 995 3368 ubi
1015 3314 1086 3367 haee
1105 3317 1200 3367 omnin
1220 3312 1319 3366 melius
1337 3328 1424 3384 quam

84 3385 132 3437 itio
155 3385 335 3451 expiieantur.
378 3387 429 3440 Aa
452 3387 498 3442 od.
523 3393 550 3448 9.
580 3402 638 3441 uon
665 3389 851 3459 possidentem
878 3391 984 3457 muita,
1013 3387 1113 3441 scribit
1135 3388 1270 3441 Muretus
1293 3384 1329 3439 de
1352 3386 1422 3456 iliis,

82 3477 153 3527 quae
172 3458 212 3509 ihi
229 3458 322 3512 dieite
351 3463 482 3517 serito
508 3463 563 3519 hoo
590 3467 715 3534 sumpsit.
753 3461 878 3517 Adsat.
900 3472 926 3521 1.
956 3462 1003 3517 iib.
1027 3474 1053 3521 i.
1079 3463 1224 3519 demoveat
1243 3461 1323 3517 luero
1341 3462 1422 3518 Ver-

81 3539 164 3586 ront‘s
183 3542 273 3587 iocmn
291 3531 379 3607 afferi
398 3537 564 3606 lambiens,
590 3537 743 3599 Muretus.-
769 3557 802 3591 ex
820 3556 866 3593 rue
885 3539 969 3605 haee,
993 3555 1051 3592 non
1073 3558 1108 3593 ex
1126 3539 1251 3593 Varrone
1270 3540 1423 3611 sumpsisti,

81 3610 191 3682 gaudeo
211 3625 320 3676 autem,
340 3615 414 3683 quod
434 3614 526 3667 locutu
545 3615 634 3676 hune,
655 3616 697 3665 nti
716 3630 730 3664 a
750 3631 794 3667 me
814 3631 908 3687 postea
923 3612 1081 3669 emendatus
1094 3629 1154 3684 est,
1174 3615 1226 3668 tibi
1240 3630 1297 3666 uon
1310 3612 1423 3669 ostendi

81 3687 153 3750 „eui
174 3689 197 3737 si
218 3692 253 3739 sit
272 3702 359 3740 terrae
379 3684 495 3742 traditos
515 3688 605 3755 orbis,
631 3688 766 3741 Futuneio
787 3692 902 3742 tameu”
921 3707 976 3746 oet.
1017 3687 1118 3742 Paullo
1128 3697 1195 3761 post
1214 3687 1262 3740 ubi
1279 3702 1336 3740 non
1354 3702 1419 3743 tuus

81 3761 138 3812 hoe
155 3763 255 3832 capiet,
278 3760 348 3815 dicit
361 3760 529 3815 &milatus
548 3761 593 3817 aiii
613 3762 668 3814 hoo
688 3768 905 3835 interpretentur
922 3781 1036 3838 propter
1054 3764 1126 3830 hee,
1146 3764 1193 3818 sed
1215 3768 1308 3816 minut
1327 3777 1420 3829 reete3

79 3835 233 3886 Muretus:
252 3837 309 3906 Ege
328 3842 363 3891 ita
385 3838 435 3891 tibi
454 3834 650 3911 interpretatus
669 3854 748 3902 sum,
768 3855 795 3892 et
815 3845 844 3892 iu
864 3847 998 3894 sententia
1016 3855 1122 3893 maneo.
1160 3837 1211 3891 Aa
1228 3856 1270 3908 ep.
1284 3841 1312 3892 2.
1330 3836 1380 3891 iii.
1393 3843 1422 3895 i.

80 3926 153 3973 quas
173 3926 203 3964 se
222 3911 399 3966 commendat
419 3927 497 3967 touta
519 3931 582 3967 rute
594 3910 746 3965 Lambinus
758 3912 870 3965 Mureti
888 3914 1029 3986 quendam
1040 3918 1304 3984 interpretationem
1315 3904 1423 3984 effirts

80 3985 234 4035 Muretus:
254 3999 395 4057 antiquam
415 3990 567 4059 quidquem
589 3988 644 4041 tale
663 3988 735 4054 diri,
756 3994 844 4042 immo
864 3995 892 4045 in
913 3994 1082 4043 contrariam
1103 3993 1271 4043 seutentiam
1291 3985 1422 4060 disputa-

81 4075 173 4112 veram
194 4060 379 4130 quadriennio
398 4074 460 4115 aute
480 4068 507 4116 in
527 4063 718 4117 Catilinarias.
743 4092 778 4106 -
808 4061 837 4138 1)
857 4065 971 4119 Parisiis
999 4066 1028 4114 iu
1055 4062 1167 4117 aedibus
1189 4064 1289 4117 Rovilii
1308 4067 1351 4115 viu
1370 4063 1423 4118 12.

82 4134 184 4187 ‹obaea
206 4132 258 4187 sub
277 4140 355 4200 siene
369 4137 544 4193 Concordiae
558 4136 718 4191 retruxit.
738 4162 774 4180 -
793 4136 824 4212 2)
845 4139 966 4206 (Addam
980 4138 1040 4200 hio,
1060 4156 1131 4209 quse
1145 4138 1179 4193 de
1191 4138 1324 4192 Lambino
1338 4136 1423 4196 habet

81 4212 126 4263 lo.
145 4210 236 4263 Miris.
258 4209 446 4281 Heusingerus
472 4217 501 4265 in
524 4211 634 4266 dissert.
659 4209 694 4264 de
720 4218 826 4285 erriptt.
845 4212 898 4269 Gr.
917 4229 945 4267 et
964 4214 1025 4267 Lat.
1042 4213 1167 4268 nondum
1187 4214 1222 4267 sd
1241 4228 1306 4268 vett.
1326 4230 1420 4269 exeru-

80 4282 203 4357 pletium
225 4283 306 4338 iidem
328 4285 493 4355 emendatis,
513 4293 543 4342 in
563 4292 639 4341 dotis
659 4283 721 4341 see.
743 4287 804 4344 Lat.
826 4289 886 4343 len.
907 4294 934 4345 1.
955 4306 983 4361 p·
997 4290 1045 4347 55·
1065 4288 1251 4356 ,umbraue
1270 4304 1335 4365 cum
1356 4289 1447 4359 plu-2

80 4360 158 4411 ribus
177 4360 259 4412 libris
278 4364 393 4414 vetustis
412 4380 476 4416 utut
495 4378 581 4428 esset,
611 4377 674 4414 rato
694 4361 759 4416 inde
778 4364 884 4435 aliquid
903 4363 1084 4436 discrepantis
1102 4370 1256 4436 scripturae
1275 4362 1369 4417 attulit
1388 4382 1422 4418 ao

80 4450 164 4506 saepe
184 4439 283 4488 tacitus
303 4454 315 4486 a
338 4436 456 4507 vulgetis
477 4438 615 4504 discessit,
645 4448 676 4488 nt
700 4438 767 4508 quid
793 4457 826 4493 er
850 4443 1024 4503 coniectura,
1051 4437 1121 4509 quid
1146 4458 1179 4492 ex
1198 4436 1420 4492 membranarum

81 4514 253 4581 praescripto
272 4518 435 4577 mutaverit,
460 4528 543 4565 nemo
568 4510 650 4567 facile
675 4508 800 4568 divinare
819 4518 917 4587 possit.
956 4515 1033 4567 Haec
1051 4530 1134 4567 causa
1152 4531 1194 4568 est
1212 4513 1288 4587 qnod
1308 4515 1338 4566 in
1358 4518 1420 4585 epi·
1499 4564 1504 4571 ,

79 4582 153 4637 stola
172 4583 294 4653 quadem
313 4603 328 4638 a
348 4587 473 4641 Frutetio
492 4603 622 4657 rogetur,
646 4595 693 4654 ut,
718 4606 789 4659 puae
807 4593 915 4641 vetusti
932 4587 1038 4643 codicis
1055 4592 1095 4641 st't
1113 4588 1215 4655 lectio,
1241 4604 1351 4656 semper
1368 4587 1421 4640 ad-

80 4667 196 4711 moneat
214 4665 425 4713 commentariis
442 4666 518 4728 suis,
534 4668 596 4714 sive
613 4681 649 4715 eo
667 4667 707 4715 sii
725 4680 799 4716 sene
818 4674 880 4716 sive
893 4669 981 4718 etiam
994 4669 1098 4715 insane
1115 4656 1177 4716 eive
1196 4668 1283 4716 etiam
1301 4663 1420 4717 obscure

79 4742 111 4785 et
130 4738 290 4802 incognite.
328 4737 399 4790 Vide
413 4739 488 4792 Patei
508 4737 602 4790 edicte
617 4747 736 4810 patrum
753 4747 871 4792 senatus
889 4744 1000 4805 critici,
1023 4740 1121 4793 Piauto
1141 4744 1289 4810 praemisse
1310 4741 1378 4812 Cap.
1391 4742 1419 4793 2.

79 4829 111 4874 rt.
130 4814 171 4875 ὅ.)
208 4812 260 4864 Cui
280 4811 401 4865 consilio
419 4817 443 4866 si
462 4812 695 4882 obtemperasset,
716 4831 773 4870 non
792 4820 854 4870 iure
871 4831 1049 4883 argueretur,
1068 4813 1156 4866 libros
1174 4832 1209 4867 ese
1227 4813 1361 4866 leeiiortes
1379 4819 1419 4865 ei·

80 4892 216 5012 inebries
226 4894 364 5034 crquqias
381 4886 451 4940 aiiii
467 4905 517 4943 nes
528 4884 625 4960 facile
643 4890 833 4963 reperiendae.
861 4892 946 4959 (Sunt
964 4891 1048 4946 rerba
1066 4890 1123 4946 iac.
1135 4889 1271 4946 Grouotii
1290 4886 1419 4962 pressei·

82 4976 115 5012 tn
158 4978 206 5032 pp.
249 4978 283 5013 tc.
315 4962 322 4985 '
