3322 5584
422 324 700 404 aserenon
721 323 799 415 (an
821 326 945 414 nna.)
1055 306 1056 310 ‘
1170 288 1176 303 '
1281 270 1343 399 ns

419 515 629 571 RHETORICA
647 515 697 569 ΔΙ)
716 512 951 568 HERENNIUM.

118 696 156 707 -
174 654 354 721 Rhetorica
375 652 420 719 ad
440 654 652 718 Herennium.
692 672 720 717 e.
743 650 765 715 i.
788 655 824 714 et
845 670 878 714 a.
927 648 962 713 4.
1012 643 1117 716 Coti.
1145 647 1173 735 f.
1198 647 1264 717 60.
1285 653 1343 715 iu-

48 748 160 838 cipttf.
186 750 219 814 l.
241 768 275 814 a.
318 734 453 828 (itinn
474 746 619 835 negotiis
639 744 857 811 familiaribus
877 741 997 827 ipedttl
1018 746 1076 807 uix
1097 751 1110 810 t
1134 745 1218 809 satis
1239 745 1345 809 ocium

48 843 142 909 stulto
160 840 372 928 suppeditare
390 843 587 925 possimusi
631 835 733 905 arist
752 835 780 921 f.
799 834 866 903 60.
884 856 924 900 a:
945 833 1111 904 MAHCl.
1143 837 1179 902 Τ.
1200 833 1236 903 C.
1254 835 1354 903 θην

48 939 116 1001 ioris
125 930 297 1003 Clarissimi
313 932 357 998 ad
367 934 570 999 Herennium
581 932 767 1010 {theticon
785 934 907 1009 nouott
923 931 1024 999 Liber
1037 932 1170 996 ultimos
1186 929 1307 998 felicit?
1330 940 1343 998 t

50 1030 186 1115 Explicit.
226 1027 334 1092 RRH.

113 1160 219 1173 -·-
246 1126 281 1187 et
308 1120 350 1187 tle
378 1122 612 1206 partitionibus
640 1123 795 1187 oratorils
821 1141 849 1186 a.
874 1118 897 1184 l.
920 1124 956 1184 et
979 1139 1012 1184 o.
1055 1117 1091 1183 4.
1119 1120 1193 1184 min.
1239 1116 1344 1213 Goth.

47 1215 232 1302 wislae
249 1234 342 1281 aternu
378 1213 523 1301 Incipit:
545 1215 596 1280 Μ.
614 1215 651 1281 Τ.
669 1211 705 1282 C.
724 1213 877 1281 (tratetis
893 1210 1073 1281 Clarissimi
1094 1214 1151 1279 Ad
1174 1225 1186 1282 i
1210 1214 1346 1279 Heren-

47 1313 119 1375 mou
143 1309 379 1386 Rhetorioerup
407 1309 538 1373 nouorst
563 1319 578 1377 t
606 1308 912 1375 praetermisi
957 1304 1078 1371 Finit:
1110 1306 1220 1375 Marci
1248 1307 1347 1372 'lulltt

47 1399 197 1469 Ciceronis
226 1400 500 1477 Rhetorincorum
529 1403 697 1469 Nauorum
724 1403 769 1468 all
796 1404 998 1468 Herennium
1027 1409 1039 1467 t
1068 1403 1159 1467 Libri
1183 1400 1301 1484 Quarti
1326 1398 1346 1459 ὃ

47 1495 142 1562 Ultimi
161 1499 253 1563 Finis
274 1506 286 1564 ii
332 1495 485 1562 Deinde:
517 1497 569 1563 M.
590 1497 627 1562 Τ.
649 1495 767 1563 Cicero
792 1489 889 1577 (aie)
915 1495 958 1562 de
979 1496 1233 1581 pertitiotntbus
1255 1493 1346 1561 (lra-

46 1591 124 1654 toriis
142 1592 241 1661 liber
261 1593 377 1676 lncipit
398 1591 564 1658 foeliciter
585 1602 609 1658 it.
651 1589 696 1656 In
713 1590 784 1676 fiae
804 1592 923 1656 bidem.
966 1590 1042 1654 lili.

116 1680 197 1761 Typi
217 1692 291 1742 sunt
311 1679 419 1755 iidem,
444 1680 557 1762 quibus
574 1685 697 1746 Romae
719 1700 794 1743 risus
816 1691 864 1742 est
879 1681 1060 1762 Stephanus
1074 1678 1232 1745 Plannek.
1271 1675 1346 1744 cfr.

47 1773 109 1837 Fre.
130 1776 166 1837 de
187 1773 338 1837 Lictcriis
360 1772 439 1838 bibl.
460 1776 600 1857 Neapol.
626 1777 668 1837 T.
692 1774 721 1838 l.
744 1795 779 1856 p.
802 1774 875 1838 182.

113 1913 151 1922 —
181 1873 366 1939 Rhetorice
391 1872 435 1938 acl
456 1873 658 1939 Herennium
684 1896 722 1938 a·
736 1873 758 1937 t.
779 1879 814 1952 et
834 1895 868 1937 o.
912 1867 1031 1938 Status
1054 1871 1262 1960 lttesainger.
1304 1867 1348 1936 lu

45 1964 116 2049 fitur:
141 1965 251 2032 Marci
280 1964 366 2029 'lulli
392 1961 563 2031 Ciceronis
589 1966 805 2033 litletoricum
833 1958 929 2046 (cio)
963 1967 1046 2032 liber
1074 1965 1118 2031 ad
1143 1965 1347 2031 Herennium

46 2060 168 2126 ieleiter
188 2062 336 2145 explicit.
378 2055 497 2126 Sixtus
514 2059 720 2145 liiesstnger.
761 2060 835 2126 Fol.
864 2059 952 2125 HR.

115 2147 184 2213 Csr.
212 2147 405 2212 Giustiuiani
434 2148 554 2231 Saggio
582 2171 616 2230 p.
636 2145 688 2212 37.
718 2159 749 2211 et
774 2150 849 2211 Fre.
873 2151 911 2211 de
933 2147 1081 2212 Lieteriis
1101 2147 1182 2212 bibl.
1208 2147 1347 2229 Neapol.

48 2242 82 2303 Τ.
104 2245 132 2304 1.
158 2264 191 2324 p.
216 2242 292 2304 182.

111 2340 291 2408 libetorica
312 2340 355 2406 od
374 2341 576 2406 Herennium
597 2361 625 2406 s.
645 2339 667 2405 i.
685 2345 721 2405 ei
738 2361 772 2405 a.
808 2341 879 2406 Fol.
925 2336 1031 2407 (aab.
1051 2338 1079 2424 f.
1097 2338 1124 2405 ὅ
1131 2340 1164 2403 1.
1186 2357 1347 2405 opressum

45 2432 100 2499 34.
141 2434 242 2521 Sipia
265 2452 373 2522 a-g.
417 2430 591 2519 bicipitf.
618 2431 653 2497 1.
677 2453 729 2515 aa
746 2433 858 2499 Marci
877 2432 978 2517 'l'ulllj
996 2428 1169 2499 Ciceronis
1192 2429 1348 2497 Oratoris

44 2527 193 2592 clarissimi
214 2526 261 2593 ad
282 2527 484 2592 Herennium
501 2525 753 2593 Hbetortcorum
775 2547 933 2592 nouorum
955 2528 1040 2592 liber
1060 2529 1187 2612 primus
1206 2524 1350 2590 leltclter

41 2624 148 2707 incipit.
168 2634 180 2690 t
224 2621 329 2688 Finit
349 2627 388 2686 tn
408 2640 630 2707 papavereo
650 2620 729 2705 folii
745 2621 828 2686 uit:
849 2620 961 2686 Marci
979 2618 1067 2706 'lultj
1085 2617 1239 2692 Cicerfiis
1256 2616 1349 2684 (lra-

45 2717 112 2780 torts
134 2717 306 2787 clarissimi
334 2712 378 2779 ad
400 2715 602 2780 Herennium
627 2713 881 2780 Rhetoricorum
902 2714 1072 2781 Nouorum
1097 2714 1182 2781 liber
1206 2714 1349 2777 ultimus.

43 2808 182 2878 Felieiter
200 2811 349 2895 explicit.
383 2806 489 2873 Folia
504 2808 570 2873 duo
586 2807 713 2893 ultimo
728 2813 907 2874 counitioni
922 2808 1089 2894 epistolae
1103 2808 1192 2872 duos
1205 2803 1349 2870 Aeaeos

46 2900 143 2990 Sptoii
168 2908 215 2972 aci
249 2900 457 2989 crepon-rom
484 2900 791 2988 Hetmburpeusem
821 2906 857 2966 et
884 2900 1076 2966 Hernicum
1107 2895 1275 2966 Comitem
1305 2898 1348 2962 de

45 2994 90 3062 bu
134 3019 185 3065 eu.
229 2997 308 3064 aa.

88 2998 262 3151 pinetam
283 3082 438 3151 Coloniae
460 3084 543 3164 apud
566 3083 618 3147 Io.
640 3082 800 3147 Koelboli
820 3085 859 3147 de
881 3085 1029 3148 Lobeck.

66 3206 71 3215 ·
112 3223 149 3235 -
169 3184 293 3271 Nepoti
317 3173 412 3264 (eie)
434 3200 495 3267 per
514 3179 676 3246 Matbiam
694 3180 880 3247 Morauum.
921 3206 949 3255 a.
966 3204 1000 3249 α.
1033 3182 1107 3249 Fal.
1120 3182 1195 3245 min.
1234 3178 1350 3266 finiti.

46 3272 131 3362 Statu
150 3278 284 3344 A—H.
314 3275 342 3361 f.
366 3274 401 3340 1.
421 3295 444 3339 a
461 3279 600 3360 inscipit:
622 3271 787 3342 MAHCl.
809 3276 962 3342 'l'ULLH
985 3268 1242 3343 CICERONIS.
1263 3273 1349 3340 Rii-

42 3367 235 3438 lHlllilCA
259 3360 354 3450 (otc)
377 3365 508 3434 NOVA
528 3362 711 3434 INClPl'l'.
733 3367 1033 3453 PHOHEMIVM.
1075 3366 1176 3434 ll'batt
1203 3374 1243 3434 in
1268 3388 1349 3456 pop.

44 3482 151 3529 acerra
171 3465 198 3550 f.
218 3463 285 3529 ult.
328 3460 403 3527 itit.
1079 3528 1084 3542 ,

114 3556 256 3618 Aristone
272 3549 461 3615 Gnostinieni
476 3571 509 3631 p.
527 3549 578 3613 63.
593 3546 661 3631 typi
679 3547 770 3611 iidem
786 3560 877 3626 sunt,
901 3549 1014 3635 qrribos
1029 3552 1188 3615 Moravus
1204 3573 1235 3615 a.
1252 3552 1349 3614 titi.

43 3641 140 3708 Dentis
162 3645 370 3711 Comoediam
391 3644 530 3705 excindit.

114 3786 153 3796 -
173 3767 201 3812 e.
217 3746 241 3810 l.
259 3749 294 3810 et
311 3764 344 3809 u.
369 3742 442 3808 Fol.
473 3739 501 3826 f.
520 3739 588 3805 52.
608 3741 778 3806 cornutas.
797 3738 865 3807 32.
888 3759 966 3809 mem
986 3746 1073 3828 sipia.
1091 3740 1222 3809 A-e.
1262 3740 1351 3807 Ver-

44 3856 92 3903 ane
112 3840 144 3904 1.
170 3839 233 3925 fol.
259 3838 295 3904 1.
336 3836 387 3903 Μ.
409 3834 446 3899 Τ.
467 3830 504 3902 C.
526 3829 765 3900 ORATORIS
787 3831 1062 3901 chnalsslnss
1083 3837 1150 3902 Al)
1170 3826 1339 3901 imaum

115 3927 354 4014 'sypogrsphns
376 3924 437 3991 fuit
457 3923 594 3987 tortasse
616 3921 803 3986 Vindelinus
826 3926 865 3985 de
888 3922 993 4005 Spina.
1026 3925 1114 3990 RH.

115 4066 153 4076 -
174 4049 202 4093 a.
222 4027 246 4092 l.
265 4030 301 4089 et
318 4045 352 4090 a.
394 4020 467 4088 Fol.

116 4113 282 4180 Praecedit
304 4114 356 4178 Io.
379 4110 473 4177 Curti
502 4112 540 4172 de
563 4107 750 4191 Eberspaeb
780 4129 833 4190 ep.
863 4111 902 4172 ad
923 4112 1129 4175 Leouerdnm
1152 4111 1348 4178 Clementem

46 4204 214 4272 Vlueosem
237 4209 461 4291 presbyterum
484 4207 555 4267 data
578 4200 733 4284 Friburgi
751 4201 835 4285 prid.
856 4203 929 4268 Kal.
952 4205 1015 4267 lul.
1041 4207 1134 4270 liei.

116 4348 158 4358 —
177 4307 229 4373 M.
249 4305 287 4371 Τ.
308 4296 564 4372 CICERONlS.
585 4293 737 4364 AR'l'lS.
762 4299 1075 4369 Rusucmona
1105 4296 1201 4387 (eie)
1231 4314 1244 4372 t
1274 4305 1352 4372 Ab.

46 4396 323 4469 HHHENNIVM
353 4395 503 4467 muna.
534 4387 725 4460 PRIMVS.
773 4388 817 4457 lu
835 4390 924 4476 lirae:
945 4434 987 4444 —
1008 4435 1049 4445 -
1071 4396 1176 4463 Home
1206 4398 1274 4465 Per
1300 4417 1351 4465 me
1407 4386 1414 4393 ”

47 4488 285 4559 toendcllinum
307 4492 349 4557 de
372 4490 472 4557 Vulla
496 4491 530 4555 in
554 4486 696 4552 Artibus
712 4484 924 4575 Magistrum.
968 4487 1083 4556 1474
1124 4492 1197 4557 Fol.
1236 4491 1352 4579 fidi.
1394 4556 1402 4563 .

47 4602 140 4651 serso.
162 4585 231 4652 34.
272 4584 380 4651 RHH.

121 4716 161 4728 -
181 4679 381 4763 Mediolani,
407 4695 469 4762 per
489 4673 615 4741 Antan
632 4672 802 4739 Zarotum.
845 4670 963 4739 1474.
1005 4674 1066 4743 12.
1085 4697 1127 4742 m.
1146 4678 1237 4768 Aug.
1279 4678 1353 4745 Ful.

48 4772 388 4956 min-ffflmlff:
404 4884 466 4950 Per
491 4862 540 4930 lo.
567 4859 609 4929 de
635 4818 869 4947 burm-atoue
892 4860 1029 4929 Murelll
1057 4860 1171 4932 147&
1194 4865 1230 4932 ὅ.
1253 4866 1354 4941 Febr.
