3322 5578
605 353 842 420 msnouta.
1216 426 1221 433 ,
1295 437 1299 447 ,
1338 360 1376 422 st

75 494 166 559 tirinm
180 492 253 577 eap‘.
271 496 323 557 14.
340 494 395 557 ait.
432 494 509 567 Piso
525 505 557 574 et
571 494 725 560 Gabinius
739 507 811 559 sunt
825 497 889 560 diro
904 492 1037 573 funesti,
1062 516 1126 561 uon
1141 499 1306 574 consules,
1325 500 1381 563 sed

58 592 197 681 ⁸latrones
219 582 314 674 atque
337 609 506 653 eversores
528 588 758 672 reipublicae,
782 610 863 674 quos
879 589 943 652 suis
958 589 1123 653 coloribus
1139 589 1256 655 Cicero
1273 592 1380 657 multis

71 685 139 749 loeis
153 682 315 767 depinxit:
340 694 374 745 ut
396 682 427 745 in
450 692 533 747 orat.
557 696 631 764 post
651 684 784 748 reditum
807 706 878 766 cap.
896 685 942 758 4.,
965 705 1029 765 pro
1044 687 1139 749 domo
1163 707 1234 768 cap.
1249 688 1294 764 9.,
1319 707 1381 769 pro
1425 755 1431 761 ,

70 776 165 842 Sestio
178 798 252 859 cap.
270 781 301 839 t.
319 798 421 859 seqq,
436 779 475 840 dc
489 777 662 859 provincIis
677 799 762 842 coss.
779 798 851 861 cap.
868 779 900 842 8.
919 799 1026 861 seqq„
1043 777 1074 840 in
1091 778 1241 843 Pisonem
1258 801 1329 864 cap.
1346 781 1380 843 4.

68 874 151 955 seqq.
181 882 213 933 et
239 870 326 933 alibi.
371 871 433 933 His
458 872 643 934 consulibus
673 871 871 947 sedentibus,
908 871 1155 956 inspectantibus
1184 886 1279 957 atque
1301 875 1380 937 adeo

69 964 301 1040 morantibus,
326 965 377 1029 M.
392 966 421 1027 Τ
425 962 534 1039 ullius,
559 978 768 1029 conservator
783 967 923 1048 patriae,
949 988 966 1027 a
987 965 1229 1031 sceleratissimo
1250 968 1382 1032 tribuno

68 1060 144 1142 pleb.
166 1058 199 1122 in
222 1059 366 1123 exsilium
389 1058 507 1122 eiectus
523 1071 582 1123 est.
612 1059 747 1143 Clodius
763 1062 860 1139 enim,
883 1073 918 1129 ut
933 1060 998 1126 Dio
1015 1061 1071 1124 lib.
1086 1061 1302 1138 XXXVIII,
1328 1062 1380 1124 ts.

68 1152 184 1228 scribit,
219 1173 352 1235 sperans
380 1152 474 1217 lacile
501 1174 535 1216 so
563 1152 752 1218 Ciceronem
782 1176 1030 1241 oppressurum,
1065 1154 1091 1217 si
1114 1153 1204 1236 prins
1226 1165 1380 1231 meatum,

67 1247 181 1333 equites
204 1259 236 1311 et
256 1249 381 1330 plebem
404 1247 466 1311 sihi
486 1247 702 1335 conciliasset,
728 1260 878 1332 quattuor
896 1248 1003 1333 leges,
1027 1248 1199 1331 populares
1221 1247 1291 1311 illas
1313 1248 1383 1333 qui·

69 1345 147 1419 dem,
181 1345 237 1406 sed
265 1342 314 1406 rei
332 1341 489 1422 publicae
510 1339 721 1423 perniciosas,
752 1341 843 1405 initio
865 1342 957 1404 huius
979 1342 1069 1416 anni,
1101 1334 1187 1425 qnod
1210 1340 1328 1406 Cicero
1350 1342 1382 1405 in

70 1437 211 1499 Pisonem
241 1457 314 1519 cap.
339 1437 372 1498 4.
401 1457 470 1518 seq.
503 1435 677 1518 significat,
712 1436 822 1499 tulit¹:
856 1458 946 1500 troam
976 1448 1011 1499 ut
1037 1438 1228 1501 frumentum
1258 1437 1382 1519 populo

3 1528 5 1531 ’
70 1530 160 1614 gratis
183 1532 331 1603 daretur3
362 1529 508 1603 alteram,
534 1552 573 1593 ne
595 1528 665 1610 quis
687 1551 745 1610 per
768 1551 823 1593 eos
845 1530 929 1605 dies,
954 1530 1161 1615 quibuscum
1184 1530 1305 1613 populo
1328 1529 1384 1616 agi

3 1670 4 1679 .
67 1623 186 1699 liceret,
222 1624 261 1685 de
289 1623 379 1687 caelo
407 1634 570 1697 seruarct3
600 1623 724 1685 tertiam
754 1628 791 1687 de
821 1624 964 1708 collegiis
992 1623 1195 1713 restituendis
1225 1625 1382 1708 novisque

3 1752 5 1757 v
67 1717 271 1791 instituendis3
294 1728 457 1800 quartam,
482 1738 635 1800 nequem
659 1739 809 1782 censores
831 1719 860 1781 in
883 1730 993 1782 senatu
1014 1719 1150 1804 legendo
1172 1717 1383 1800 praeterirent

67 1832 137 1874 nere
159 1832 223 1895 qua
244 1809 417 1895 ignominia
439 1811 619 1885 allicerent,
644 1810 703 1874 nisi
725 1812 780 1895 qui
800 1814 885 1895 apud
905 1833 962 1876 eos
984 1823 1149 1875 accersatus
1171 1824 1202 1874 et
1220 1811 1382 1893 utriusque

66 1906 199 1969 censoris
221 1904 375 1967 sententia
398 1906 560 1967 damnatus
583 1915 677 1968 essct.
722 1908 812 1969 Haec
832 1904 995 1970 Asconius
1015 1905 1047 1968 in
1070 1904 1290 1980 Pisonianam,
1315 1905 1381 1969 Dio
1459 1960 1462 1971 .

66 2000 128 2067 libr.
149 1999 360 2062 XXXVIII.
383 2008 415 2060 et
438 1997 556 2063 Cicero
579 1999 707 2082 passim.
744 1999 833 2063 Alias
856 1999 967 2063 deinde
988 1999 1175 2085 rogationes
1197 1997 1278 2061 idem
1301 1997 1382 2063 Clo·

67 2093 126 2156 dins
147 2114 213 2173 uno
235 2095 412 2177 eodemque
435 2094 579 2175 tempore
601 2092 837 2175 promulgavit3
861 2115 951 2155 tinam
971 2096 1009 2156 de
1025 2091 1200 2175 prouinciis
1216 2092 1380 2156 consulum

66 2186 258 2260 nominatim,
289 2178 422 2249 alterani
447 2189 485 2249 de
510 2185 676 2251 Ciceronis
704 2185 861 2267 pernicie,
895 2197 927 2248 ut
955 2184 996 2246 ait
1017 2207 1079 2266 pro
1102 2186 1207 2250 SestIo
1235 2206 1310 2267 cap.
1335 2188 1387 2253 10.

67 2281 177 2344 Pactus
206 2278 289 2342 eninr
318 2302 388 2341 cum
416 2280 599 2343 consrrlitms
639 2276 775 2342 Gabinio
805 2278 948 2357 Syriam,
987 2280 1203 2358 Babylonem,
1243 2280 1379 2357 Persas,

65 2372 166 2436 Pisom
183 2371 355 2447 Achaiam,
380 2373 595 2446 Thessaliam,
621 2371 804 2448 Graeciam,
829 2371 1051 2435 Macedoniam
1067 2393 1256 2455 omnemque
1272 2372 1381 2435 Boeo·

67 2467 129 2529 tirus
159 2468 264 2539 dedit3
294 2466 412 2531 Cicero
436 2465 673 2548 dcprovinciis
694 2487 779 2529 coss.
803 2475 835 2526 et
855 2464 886 2527 in
909 2463 975 2526 aliis
1000 2464 1211 2529 orationibus.
1256 2464 1382 2529 Auci·

67 2561 181 2624 oeronis
204 2560 376 2641 perniciem
399 2561 451 2623 lex
473 2561 523 2623 illa
547 2560 740 2643 pertinebat,
763 2580 824 2643 qua
847 2558 934 2622 tulit:
958 2559 1027 2643 Qui
1045 2559 1150 2623 ciuem
1164 2562 1267 2627 Rom.
1285 2560 1382 2623 inde«

67 2667 213 2717 numum
241 2655 488 2731 interemisset,
521 2654 553 2717 ei
574 2675 666 2738 equa
685 2665 719 2717 et
744 2653 819 2737 igni
840 2653 1119 2716 interdiceretur:
1151 2653 1249 2717 cuius
1272 2654 1383 2717 verbis

66 2750 122 2811 etsi
134 2769 206 2812 non
220 2749 464 2813 nominabatur
476 2749 608 2823 Cicero,
631 2760 744 2811 tamen
759 2749 855 2812 solus
865 2748 1057 2830 petebatur,
1080 2745 1182 2830 inquit
1194 2747 1382 2811 Paterculus

65 2842 167 2907 lih.ll.
181 2842 318 2924 cap.tt.
339 2842 491 2927 Idemque
505 2842 618 2905 scribit
629 2840 695 2904 Dio
707 2841 980 2914 lib.XXXVllI‚
996 2842 1048 2904 14.
1064 2852 1159 2924 atque
1172 2839 1291 2904 idcirco
1302 2842 1384 2903 'I'rrl-

64 2934 118 2997 lim
131 2937 195 3000 hoe
206 2934 429 3019 privilegium
442 2936 594 3017 appellat.
631 2933 717 2996 Vide
738 2944 821 2998 orat.
840 2955 903 3016 pro
920 2936 1014 2998 domo
1036 2956 1108 3016 cap.
1126 2937 1178 2997 141
1216 2936 1304 3017 Reus
1319 2934 1382 3018 igi·

65 3042 109 3092 tnr
129 3028 266 3103 Cicero,
294 3041 329 3091 ut
352 3030 543 3093 Plutarchus
566 3051 595 3092 c.
620 3030 673 3091 30.
696 3027 823 3103 scribit,
854 3038 973 3090 vestem
996 3028 1128 3090 mutavit
1149 3039 1180 3090 et
1201 3029 1382 3092 sordidatus

64 3124 179 3205 populo
201 3123 407 3204 supplicavit.
452 3125 534 3185 'sum
558 3122 691 3187 Clodius
712 3122 757 3186 illi
781 3122 925 3186 omnibus
949 3121 1026 3185 vicis
1049 3124 1261 3201 occurrebat,
1282 3123 1382 3207 stipa·

65 3228 107 3281 tas
133 3217 316 3282 hominihus
346 3216 584 3281 contumeliosis
611 3228 643 3279 et
669 3216 866 3279 temerariis:
892 3214 957 3299 'qni
977 3217 1156 3298 petulanter
1177 3217 1381 3281 mutationem

65 3314 205 3376 restis‘et
226 3310 368 3373 habitum
385 3309 551 3376 Ciceronis
574 3308 769 3392 exagitantes
792 3307 960 3391 incultisque
982 3308 1062 3371 locis
1083 3309 1150 3372 luto
1174 3321 1205 3371 et
1224 3309 1382 3392 lapidibus

66 3404 92 3467 iu
122 3427 192 3468 enm
228 3404 381 3469 coniectis
413 3402 662 3487 supplicationes
690 3396 917 3483 impediebant.
977 3396 1059 3466 Cum
1089 3400 1249 3467 Cicerone
1277 3417 1381 3469 tameo

66 3500 191 3580 primm
215 3498 406 3563 omniafere
428 3499 511 3561 ordo
535 3508 683 3580 equester
707 3507 822 3559 vestem
845 3493 997 3559 inritavit:
1032 3516 1165 3579 eumque
1194 3497 1383 3563 nobilissimi

68 3593 294 3665 adolescentes,
318 3611 451 3654 numero
475 3594 514 3653 ad
533 3592 615 3653 XX.
638 3589 739 3665 milia,
763 3588 934 3666 sordidati,
958 3591 1184 3672 deprecatores
1208 3592 1275 3656 eius
1297 3594 1382 3657 salu·

67 3687 102 3750 tis
119 3686 365 3772 comitabantur.
415 3685 537 3749 Deinde
559 3705 629 3745 cuna
652 3694 778 3746 senatus
800 3682 950 3767 frequens
978 3683 1181 3749 convenisset
1208 3697 1239 3749 et
1259 3697 1382 3749 restem

68 3791 216 3863 tanqum
237 3777 270 3841 in
292 3777 423 3862 publico
444 3779 531 3842 luctu
554 3779 729 3841 mutandam
758 3788 919 3854 censeret,
948 3776 1044 3860 idque
1066 3779 1214 3844 consules
1235 3789 1382 3842 vetarent
1500 3790 1504 3795 ‘

69 3873 245 3939 etClodius
268 3894 337 3936 eum
359 3872 454 3935 armis
476 3875 515 3934 ad
537 3871 656 3935 citriam
679 3882 883 3946 versaretur,
905 3883 1068 3936 senatores
1090 3892 1154 3936 non
1177 3873 1269 3956 pauci
1292 3892 1309 3935 e
1330 3893 1382 3935 se-

67 3978 130 4029 natu
158 3964 303 4030 vestibus
331 3965 469 4029 discissis
499 3976 530 4027 et
551 3965 690 4028 clamore
711 3965 838 4028 sublato
867 3986 902 4028 se
922 3964 1165 4048 proripuerunt.
1215 3968 1381 4031 Hactenus

67 4058 261 4123 Plutarchus.
292 4060 357 4124 Dio
380 4059 436 4126 lib.¹
447 4058 662 4133 XXXVIII,
688 4058 740 4122 tt.
759 4057 873 4134 tradit,
897 4058 1019 4141 equites
1039 4059 1073 4121 in
1089 4058 1284 4141 Capitolium
1307 4071 1382 4121 tunc

67 4153 242 4216 convenisse
271 4150 366 4235 atque
394 4155 434 4215 ad
461 4151 608 4215 consules
638 4163 670 4214 ct
697 4163 838 4216 senatum
861 4151 982 4216 misisse
1005 4153 1130 4237 legatos
1151 4171 1215 4215 non
1237 4152 1381 4218 solome

67 4266 116 4310 mo
135 4246 266 4324 ordine,
292 4268 401 4310 rernm
424 4247 514 4310 etiam
537 4257 701 4309 senatores
723 4248 822 4322 duos,
847 4245 890 4326 Q.
913 4247 1121 4310 Hortensium
1145 4256 1176 4307 et
1200 4242 1241 4309 C.
1260 4243 1381 4310 Curio·

68 4358 147 4416 mm,
169 4339 224 4423 qui
240 4361 301 4423 pro
318 4340 475 4405 Cicerone
491 4341 751 4422 deprecarentur.
787 4340 880 4403 Unde
896 4338 1014 4405 Cicero
1037 4360 1097 4423 pro
1113 4337 1217 4401 Sestio
1240 4360 1311 4422 cap.
1326 4342 1380 4404 11.

70 4430 121 4495 rit:
143 4437 228 4498 Cum
249 4434 455 4497 incredibilis
476 4433 512 4497 in
534 4432 742 4515 Capitolium
763 4434 947 4496 multitudo
968 4457 1016 4498 ex
1036 4443 1112 4496 tota
1135 4418 1230 4496 Urbe
1243 4444 1380 4496 cuneta·

70 4546 125 4607 que
140 4528 244 4592 Italia
260 4524 489 4601 conuenisset,
512 4538 639 4590 uestem
656 4527 857 4590 menaredom
870 4546 988 4590 omnes
1002 4547 1119 4611 uaeque
1138 4524 1233 4590 omni
1245 4526 1381 4589 ratione

72 4617 314 4708 defendendum
329 4633 513 4705 putarunt.
557 4622 638 4684 Erat
659 4630 724 4682 tmn
746 4631 872 4684 senatus
893 4620 924 4683 in
947 4622 1023 4683 aede
1043 4618 1244 4684 Concordiae
1266 4631 1298 4681 ct
1313 4618 1380 4681 Ga·

74 4709 178 4774 binium
205 4716 392 4795 consulem,
422 4714 541 4789 Pisone
570 4716 716 4792 absente,
736 4716 874 4780 'orabat
917 4712 1052 4797 Equites
1074 4733 1203 4798 quoque
1225 4712 1323 4775 Rom.
1347 4720 1380 4772 et

3 4900 5 4919 '
107 4908 136 4971 t)
152 4904 205 4964 Ch.
224 4907 368 4966 Tunsuttt
386 4907 438 4983 Ep.
456 4904 491 4960 ad
510 4904 716 4963 Mtddletonnm
734 4924 761 4980 p.
781 4907 827 4966 66.
