3322 5578
281 394 322 457 3⁶
440 390 443 397 ’
705 332 757 456 III.
784 387 949 455 TULLII
973 385 1231 455 CICERONIS

281 557 354 618 cap.
383 535 437 598 62.
466 510 640 597 Verrinam
678 543 798 595 sextam
829 540 992 616 quartum
1023 529 1261 594 Accusationis
1292 528 1446 612 appellat.
1498 529 1618 617 Itaque

280 629 313 691 in
335 628 439 711 primo
463 625 687 691 Accusationis
706 624 808 702 libro,
832 644 913 710 quae
932 634 981 687 cst
999 619 1139 685 Verrina
1159 622 1271 698 tertia,
1297 622 1418 688 Cicero
1435 633 1507 687 ante
1525 636 1616 702 acta,

282 722 404 800 idest,
435 743 472 786 ea
495 721 645 796 crimina,
670 741 752 805 quac
773 722 898 783 Verres
928 731 1000 781 ante
1024 727 1207 798 praeturam
1236 716 1431 781 Siciliensem
1457 716 1488 780 in
1515 740 1619 802 qnae·

282 830 389 893 stura,
426 816 586 901 legatione
608 827 639 878 et
664 823 830 898 praetura
850 811 983 875 urhana
1006 807 1184 885 commisit,
1214 810 1360 892 exponit.
1404 811 1444 875 Ia
1472 814 1619 876 secundo

282 909 509 975 Accusationis
535 904 639 985 libro,
671 926 752 992 quiae
785 915 834 966 est
863 904 1001 967 Verrina
1032 914 1163 988 quarta,
1195 904 1395 986 explicantur
1419 906 1550 970 crimina
1582 906 1620 969 in

282 1005 428 1084 Sicilia,
448 1004 479 1067 in
506 1005 574 1066 iure
600 1003 737 1065 dicundo
760 997 939 1063 commissa.
984 996 1115 1060 'l'ertius
1140 995 1223 1058 liber
1242 1010 1290 1062 est
1315 1001 1354 1062 de
1375 999 1526 1062 leuamenti
1552 998 1621 1060 cri·

285 1095 442 1173 minibus,
474 1119 576 1183 enque
605 1095 711 1159 oratio
725 1093 966 1177 frumentario
998 1112 1014 1152 a
1046 1089 1210 1153 ueteribus
1236 1092 1448 1176 gramuraticis
1471 1092 1621 1157 nomina-

286 1200 352 1252 tur.
404 1191 546 1271 erartus
579 1189 663 1253 liber
706 1208 762 1251 seu
792 1183 935 1247 Verrius
974 1197 1064 1267 sexta
1101 1194 1150 1251 est
1184 1185 1224 1249 de
1255 1189 1379 1269 signis,
1414 1187 1543 1271 qttintus
1585 1200 1621 1253 et

284 1283 411 1347 ultimus
444 1285 484 1349 de
510 1282 700 1366 suppliciis.
744 1281 853 1343 Verre
886 1280 1054 1368 damnato,
1073 1288 1123 1351 ,ut
1156 1277 1350 1342 Plutarchus
1389 1283 1504 1361 tradit,
1542 1305 1620 1347 cum

286 1375 405 1441 Cicero
434 1376 519 1439 litem
551 1375 580 1437 ei
605 1373 712 1437 tricies
739 1374 812 1439 IIS.
837 1371 1051 1450 aestimasset,
1086 1372 1165 1435 mdc
1195 1370 1330 1449 audivit,
1366 1375 1457 1460 qtrasi
1481 1379 1622 1460 pecunia

203 1515 207 1522 -
282 1484 415 1554 accepta
454 1471 493 1533 de
532 1468 629 1530 multa
663 1466 848 1535 remisisset.
904 1469 1003 1549 Apud
1034 1467 1239 1533 Plutarchum
1270 1467 1496 1556 ἑβδομήκοντα
1523 1477 1622 1541 πέντε

283 1563 441 1656 μυριάδες
478 1576 526 1629 est
551 1563 659 1627 tricies
691 1562 889 1625 sestertium:
923 1561 948 1623 si
975 1563 1100 1645 qttidem
1123 1564 1227 1628 εἴκοσι
1260 1566 1352 1629 πέντε
1381 1562 1540 1655 μυριάδες
1571 1581 1623 1634 est

286 1660 391 1723 decies
418 1660 511 1736 HS„
543 1670 579 1721 ut
604 1657 686 1720 idem
716 1657 747 1720 in
772 1653 918 1720 Antonio
944 1666 1089 1718 testatur.
1139 1656 1264 1720 Verum
1287 1658 1435 1723 Budaeus
1465 1660 1498 1725 in
1526 1662 1622 1728 libris

284 1758 322 1817 de
344 1757 429 1819 Asse
453 1766 485 1818 et
509 1753 542 1816 in
565 1749 812 1818 Commentariis
837 1759 946 1812 censet
968 1749 998 1825 iu
1020 1748 1185 1814 Plutarchi
1211 1749 1300 1814 libris
1323 1757 1456 1817 verbnm
1483 1780 1623 1845 τριακο.

283 1851 361 1913 aiom
380 1859 444 1912 ‘aaut
470 1848 555 1911 aliud
579 1849 702 1909 deesse.
756 1842 943 1907 Sestertium
970 1842 1233 1928 quadringenties
1255 1866 1271 1907 a
1294 1847 1402 1913 Verre
1425 1859 1545 1927 tantum
1570 1873 1622 1916 re·

282 1944 416 2026 petitum
460 1963 528 2007 esse
570 1938 732 2005 Asconius
768 1936 891 2003 scribit.
957 1938 1017 2003 His
1058 1958 1145 2000 coss.
1184 1936 1386 2003 tribuniciam
1422 1955 1621 2024 potestatem

282 2035 459 2099 restitutam
489 2057 559 2098 esse
590 2033 747 2097 Salustius
775 2032 806 2095 ia
835 2031 934 2097 Catil.
967 2053 1039 2115 cap.
1070 2032 1124 2096 38.
1146 2032 1277 2109 scrihit3
1307 2034 1389 2098 idem
1414 2050 1461 2101 est
1492 2038 1523 2101 ia
1547 2041 1621 2127 epi·

283 2141 369 2193 toma
392 2129 451 2192 lib.
475 2128 627 2194 XCVII.
646 2128 741 2211 Lim,
756 2128 840 2209 apud
856 2125 1016 2190 Velleium
1037 2125 1093 2189 Iib.
1114 2127 1161 2191 II.
1184 2147 1256 2212 cap.
1280 2128 1334 2191 30.
1352 2141 1386 2192 et
1407 2131 1621 2199 Plutarchum

281 2224 314 2287 in
345 2223 518 2307 Pompeio.
562 2225 649 2289 Hinc
674 2223 719 2304 Q.
744 2222 863 2288 Cicero
889 2220 947 2282 lib.
967 2219 1035 2283 111.
1058 2241 1129 2303 cap.
1145 2220 1177 2283 9.
1201 2222 1241 2284 de
1265 2222 1410 2307 Legibus
1437 2225 1497 2290 ait:
1521 2231 1624 2293 Pom·

282 2321 399 2399 peium
426 2329 580 2382 nostrum
611 2319 731 2382 ceteris
761 2313 860 2380 redas
887 2310 1041 2375 omnibus
1064 2334 1196 2395 semper
1220 2316 1440 2397 amplissimis
1464 2323 1623 2383 summis·

232 2452 237 2461 x
284 2432 350 2496 que
375 2408 483 2490 effero
506 2407 687 2488 laudidus3
709 2407 747 2471 de
776 2404 963 2468 tribunicia
983 2411 1151 2483 potestate
1172 2413 1294 2484 taceo,·
1314 2428 1376 2471 nee
1399 2412 1487 2473 enim
1507 2431 1625 2491 repre·

283 2500 424 2566 hendere
450 2499 531 2565 libet
548 2520 611 2565 nec
636 2496 782 2561 laudare
807 2515 957 2577 possum.
1005 2497 1089 2559 Post
1119 2496 1233 2560 iudicia
1271 2520 1289 2560 a
1321 2498 1407 2563 Sulla
1447 2502 1627 2567 constituta

284 2605 412 2656 senatus
439 2590 502 2653 iam
532 2591 670 2674 exlege
698 2586 852 2653 Cornelia
878 2607 937 2669 per
963 2589 1073 2652 decem
1088 2595 1203 2671 'annos
1232 2589 1370 2673 trupiter
1395 2593 1622 2671 indicaveram

281 2685 328 2749 ita
348 2697 384 2749 ut
408 2684 598 2748 iudiciorum
617 2682 747 2746 levitate
773 2682 856 2744 ordo
882 2701 1011 2764 quoque
1034 2682 1112 2746 alius
1134 2687 1174 2746 nd
1196 2705 1247 2749 res
1270 2682 1453 2752 iudicandas
1475 2692 1625 2772 postula·

284 2789 386 2843 rctur.
430 2777 507 2841 Hoc
536 2776 636 2861 igitur
665 2794 748 2839 anno
777 2774 821 2836 L.
845 2773 999 2841 Attrelins
1029 2775 1126 2841 Cotta
1155 2791 1289 2861 praetor
1316 2780 1421 2866 legem
1444 2785 1486 2845 ad
1510 2805 1624 2868 popa.

282 2872 348 2935 lum
381 2871 468 2947 tulit,
499 2882 535 2933 ut
560 2881 726 2933 senatores
756 2889 828 2930 cum
854 2867 1014 2950 equitibus
1046 2882 1079 2932 et
1105 2871 1239 2937 tribunis
1262 2875 1393 2940 aerariis
1422 2875 1622 2943 indicarent:

283 2964 403 3030 Cicero
429 2964 569 3029 Verrina
598 2962 701 3046 prima
728 2983 801 3045 cap.
833 2961 868 3024 3.
900 2972 933 3026 et
960 2964 1123 3028 Asconius
1152 2965 1183 3029 in
1213 2970 1364 3046 eandem,
1404 2970 1519 3035 Livius
1561 2971 1623 3037 lib.

283 3059 438 3125 XCVII.
464 3070 497 3123 ct
519 3054 663 3131 Velleius
685 3057 743 3121 Iih.
767 3056 816 3120 11.
838 3073 910 3137 cap.
933 3056 988 3120 32.
1040 3059 1163 3123 Eodem
1194 3082 1278 3126 anno
1308 3084 1459 3127 censores
1487 3066 1626 3130 fuerumt

283 3154 407 3217 Gellius
432 3152 605 3235 Poplicola
628 3162 661 3216 et
692 3151 756 3217 Ca.
785 3149 957 3215 Cornelius
987 3151 1165 3216 Lentulus:
1196 3157 1235 3217 de
1261 3156 1377 3239 quihus
1409 3157 1529 3223 Cicero
1555 3182 1624 3242 pro

157 3320 161 3332 .
285 3245 438 3311 Cluentio
461 3268 534 3329 cap.
556 3247 608 3310 Ii.
652 3245 785 3309 Lentuli
803 3243 945 3306 censoris
967 3244 1107 3309 meminit
1123 3247 1218 3311 etiam
1236 3250 1379 3315 Verrina
1398 3252 1625 3339 septimacap.

284 3343 317 3404 t.
343 3362 407 3426 pre
433 3342 554 3407 Flacco
577 3360 648 3424 cap.
669 3341 722 3404 19.
744 3349 777 3403 et
794 3359 857 3422 pro
879 3341 976 3406 domo
999 3359 1071 3423 cap.
1093 3341 1149 3411 tt.

750 3494 1161 3514 —n-—d-u-—ss-

372 3641 466 3704 Anno
488 3639 585 3704 Urbis
603 3638 852 3705 DOLXXXIV.
874 3640 1041 3703 Ciceronis
1060 3639 1261 3708 xxxam.
1283 3666 1368 3712 coss.
1382 3646 1533 3729 fuerunt

290 3782 334 3883 Q.
350 3778 687 3878 uournusrus,
699 3779 745 3880 o.
760 3779 1026 3858 sancturus
1039 3783 1629 3894 nauseans[cusu1cus].

370 3937 425 4002 Dc
450 3936 500 3999 his
522 3935 708 4013 consulibus
735 3935 853 4001 Cicero
878 3959 939 4020 pro
969 3937 1121 4006 Cluentio
1142 3962 1216 4025 cap.
1240 3944 1317 4007 hh:
1363 3945 1452 4011 Turn
1475 3949 1636 4028 interim,

289 4030 501 4110 Hortensio,
525 4029 670 4095 Metello
703 4049 810 4107 coss,
840 4039 877 4093 nt
904 4031 996 4094 hanc
1019 4035 1249 4117 Oppianicum
1270 4039 1373 4102 aliud
1396 4048 1553 4121 agentem
1582 4062 1639 4106 ae

232 4188 242 4211 .
289 4121 378 4183 nihil
404 4119 573 4185 eiusmodi
596 4121 808 4202 cogitantem
828 4118 878 4181 ad
894 4121 985 4184 hanc
1006 4128 1265 4190 accusationem
1290 4126 1493 4209 detraheret,
1516 4130 1638 4194 invito

292 4210 471 4292 despondit
500 4213 534 4276 ei
551 4208 672 4286 filiam
702 4230 811 4273 suam.
859 4211 936 4275 Hoc
966 4202 1055 4278 'anno
1094 4214 1213 4280 Cicero
1252 4218 1360 4283 aedilis
1398 4219 1517 4283 esurialis
1546 4219 1638 4287 suit.

289 4299 422 4365 Aediles
444 4312 547 4364 autem
573 4295 630 4391 ἀφ’
657 4297 727 4378 ἑνὸς
752 4291 796 4368 ὧν
814 4299 1017 4392 πράττουσιν
1038 4307 1157 4398 ἔργων,
1180 4312 1273 4397 ἱερῶν
1297 4308 1406 4381 τόπων
1433 4317 1642 4404 ἕπιμελητᾳὶ

292 4395 490 4475 καλοῦνται,
512 4394 544 4457 id
577 4404 640 4479 est,
664 4397 703 4457 ab
731 4417 790 4459 ana
819 4410 912 4480 parte
942 4401 990 4466 sui
1023 4403 1161 4468 muneris
1191 4398 1280 4491 quasi
1304 4421 1469 4473 curatores
1498 4411 1641 4477 aedium

294 4486 371 4550 dieti
380 4500 472 4564 sunt,
493 4486 670 4568 Blonysius
681 4489 943 4558 Halicarnasseus
956 4495 1013 4558 lib.
1027 4497 1098 4575 VI,
1117 4521 1148 4563 c.
1160 4501 1229 4577 90„
1241 4500 1295 4563 uhi
1303 4504 1387 4566 addit
1397 4505 1642 4573 eosaGraccis

294 4576 524 4673 ἀγορανόμους
547 4580 625 4659 dici,
655 4584 743 4666 qnod
767 4605 913 4671 magnam
940 4588 1002 4653 illis
1026 4603 1146 4675 partem
1175 4595 1291 4658 similes
1319 4596 1395 4661 sint.
1439 4597 1490 4663 De
1514 4601 1644 4666 aedili-

178 4744 190 4759 .
294 4686 358 4738 tate
382 4696 437 4738 sua
465 4673 585 4739 Cicero
608 4676 750 4739 Verrina
766 4679 897 4762 septima
920 4704 994 4767 cap.
1017 4688 1068 4752 14.
1092 4687 1135 4750 ita
1156 4688 1283 4753 scribit:
1316 4691 1418 4756 Nunc
1437 4713 1512 4756 sum
1542 4694 1647 4760 elesi-

292 4778 419 4851 gnatus
441 4768 582 4834 aedilis:
609 4769 718 4835 haheo
741 4775 928 4852 rationem
963 4780 1049 4862 qnid
1074 4802 1097 4845 α
1126 4782 1262 4863 populo
1284 4783 1375 4846 Rom.
1407 4786 1644 4865 acceperim,-

294 4859 380 4921 mihi
405 4858 507 4922 indos
540 4862 770 4924 smeetissimos
802 4866 958 4929 maxima
993 4889 1073 4934 cnm
1101 4875 1312 4936 caerimonia
1343 4873 1470 4951 Cereri,
1500 4870 1645 4940 Lr‘hero

295 4947 500 5034 Liberaeque
519 4947 735 5031 faciundosf
754 4954 842 5018 mihi
857 4956 998 5023 floram
1017 4972 1162 5029 matrem
1187 4964 1322 5046 populo
1348 4962 1507 5049 plebique
1531 4964 1648 5034 Rom.
