3322 5578
607 297 846 364 HISTORIA.
1248 320 1281 365 ,κ
1369 303 1387 368 5

80 464 114 504 ac
132 452 330 515 coronasset,
362 462 426 505 non
448 461 559 521 parum
583 438 752 502 adiumenti
773 462 809 503 ea
832 462 883 504 res
906 439 951 503 illi
980 442 1017 501 ad
1041 441 1166 504 tertium
1190 441 1389 505 consulatum

80 537 185 599 attulit.
228 539 354 599 Auctor
378 536 567 599 Plutarchus
589 535 620 597 in
642 533 754 597 Mario
783 547 814 596 ct
836 534 1141 618 Apophtlrcgmatis.
1186 533 1303 598 Cicero
1327 558 1387 618 pro

78 633 201 708 Milone,
218 633 339 714 ειμι.
364 628 662 694 Valeriuslih.V1.
680 648 751 709 cap.
770 640 798 703 1,
815 631 866 691 12.
891 627 1100 709 Quintilianus
1114 629 1171 692 lib.
1185 630 1251 693 111.
1267 632 1317 707 ll,
1334 633 1385 693 ll.

262 886 365 948 Anno
387 883 487 947 Urbis
509 886 613 949 DCL.
641 883 815 947 Ciceronis
836 886 900 948 IV.
926 903 1015 946 coss.
1027 879 1188 972 siceram

216 1028 259 1101 C.
295 1026 486 1104 MARIUS
521 1028 610 1122 HL,
644 1027 688 1101 L.
717 1026 966 1102 AURELIUS
996 1026 1233 1105 ORESTES.

149 1184 276 1248 Marius
297 1186 382 1247 httnc
403 1182 598 1247 consulatum
627 1183 658 1247 in
682 1195 834 1266 apparatu
860 1184 932 1245 belli
956 1181 1110 1249 Cimbrici
1138 1185 1245 1265 (qttod
1268 1183 1384 1248 Cicero

78 1283 109 1342 de
132 1278 299 1360 provinciis
329 1300 414 1341 coss.
447 1300 518 1360 cap.
542 1280 576 1341 8.
622 1279 778 1343 Gallicum
803 1292 898 1341 vocat
931 1292 961 1341 et
983 1269 1094 1342 Mario
1123 1290 1213 1340 extra
1242 1280 1385 1342 ordinent

80 1378 219 1434 decretum
244 1374 342 1435 luisse
366 1376 420 1451 ait)
443 1373 653 1454 consumpsit,
690 1385 723 1433 ut
752 1371 862 1433 scribit
884 1372 1028 1435 Velleius
1058 1373 1115 1434 lib.
1138 1373 1187 1436 II.
1212 1393 1283 1452 cap.
1309 1374 1380 1448 li„

81 1467 124 1528 nhi
146 1468 243 1542 addit,
277 1468 326 1529 his
350 1489 434 1529 coss.
459 1466 521 1530 Cn.
546 1466 721 1529 Doruitiurn
751 1465 911 1528 tribunum
941 1466 1027 1545 pleb.
1057 1465 1161 1547 legem
1192 1465 1319 1541 tulisse,
1351 1478 1384 1528 ιιι

82 1563 258 1636 sacerdotes,
296 1582 376 1644 quos
406 1572 494 1622 antea
525 1561 667 1643 collegae
696 1558 910 1633 sufficiebant,
946 1559 1085 1640 populns
1116 1571 1258 1621 crearet:
1293 1559 1382 1621 cuius

81 1654 196 1717 meminit
219 1654 391 1718 Suetonius
414 1655 443 1715 iu
462 1656 592 1717 Nerone
616 1675 685 1734 cap.
707 1655 738 1716 2.
762 1664 794 1714 et
810 1651 927 1716 Cicero
944 1651 1081 1735 Agraria
1102 1653 1238 1716 secunda
1260 1674 1332 1734 cap.
1350 1658 1381 1714 7.

79 1749 118 1809 his
137 1749 251 1810 rerhis:
283 1749 324 1810 de
349 1748 552 1811 sacerdotiis
574 1751 635 1812 Cn.
661 1747 835 1811 Domitius
857 1745 1016 1808 tribunus
1034 1747 1159 1827 plebis,
1191 1749 1243 1812 vir
1263 1751 1383 1813 eloris·

77 1841 183 1913 simua,
205 1842 303 1916 tulit,
351 1844 419 1904 nod
437 1843 587 1924 populns
606 1862 669 1922 per
688 1840 891 1922 religionem
912 1841 1107 1903 sacerdotio
1128 1843 1291 1906 mandore
1312 1865 1381 1905 non

74 1946 210 2016 poterat,
234 1947 273 1997 ut
295 1864 408 1997 minor
426 1956 512 2017 pars
531 1934 653 2016 populi
675 1945 872 1996 vocaretur:
893 1933 937 1995 ab
956 1954 997 1996 en
1013 1947 1117 2016 parte
1137 1937 1196 2020 qui
1215 1950 1300 2000 esset
1310 1936 1381 2026 fn·

77 2039 152 2101 dara,
174 2027 203 2090 is
224 2048 248 2089 a
265 2029 410 2110 collegio
431 2039 670 2110 cooptaretur,·
693 2030 731 2090 de
753 2029 860 2089 eadem
883 2031 954 2111 lege
977 2027 1120 2092 Domitia
1142 2032 1223 2093 idean
1246 2032 1276 2093 in
1295 2031 1381 2095 Cor·

77 2123 177 2185 reliana
198 2124 281 2204 apud
304 2121 497 2196 Asconinm,
523 2123 585 2184 Ed.
610 2119 730 2183 Baitcri
752 2142 785 2202 p.
807 2122 881 2196 80.,
906 2120 961 2184 ubi
983 2122 1061 2185 illud
1083 2136 1210 2206 quoque
1232 2125 1379 2209 legimus,

73 2215 227 2278 Domitium
271 2215 431 2278 tribunum
475 2216 526 2278 M.
565 2214 703 2277 Silanum
748 2215 948 2278 consularem
990 2216 1150 2278 hominem
1198 2220 1377 2283 vexavissc.

76 2309 191 2373 Orestes
219 2310 251 2371 in
282 2310 466 2391 magistratu
496 2321 638 2372 mortuus
666 2307 737 2374 suit.
781 2309 893 2392 Itaque
923 2310 1049 2374 Marius
1079 2312 1222 2373 cGallia
1247 2316 1381 2378 Romam

73 2404 219 2484 proiectus
242 2404 370 2466 comitia
393 2403 570 2466 consularia
592 2401 720 2478 hahuit,
753 2401 868 2484 quibus
896 2406 966 2486 ipse
989 2403 1102 2466 consul
1123 2417 1270 2488 quartum
1294 2428 1382 2469 crea·

75 2510 116 2560 tns
134 2510 189 2562 est.
235 2500 428 2563 Plutarchus
450 2499 481 2562 in
504 2498 627 2562 Mario.

256 2755 359 2816 Anno
383 2751 481 2817 Urbis
504 2755 626 2817 DCLI.
655 2751 828 2816 Ciceronis
853 2755 888 2818 V
887 2796 896 2813 .
920 2773 1009 2816 coss.
1022 2750 1181 2843 fuerunt

209 2898 253 2969 C.
281 2895 471 2972 MARIUS
497 2895 586 3001 IV„
625 2895 669 2995 Q
697 2895 953 2972 LU'I'ATIUS
981 2895 1225 2975 CATULUS.

147 3057 216 3118 Hoc
239 3073 322 3115 anno
345 3052 472 3116 Marius
497 3054 663 3115 Teutonos
686 3063 719 3114 et
740 3053 923 3115 Ambrones
947 3050 985 3114 ad
1007 3053 1117 3135 Aquas
1134 3054 1257 3118 Sextias
1280 3078 1382 3139 prope

72 3148 231 3211 Massiliam
254 3146 389 3219 delerit,
414 3148 530 3209 Strabo
552 3147 609 3208 lib.
634 3147 697 3208 IV.
733 3144 869 3208 Orosius
891 3147 948 3211 lib.
972 3149 1017 3209 V.
1043 3169 1114 3228 cap.
1141 3152 1213 3224 lh,
1246 3161 1279 3211 ut
1303 3151 1381 3213 alios

73 3243 195 3316 nutant,
220 3246 259 3303 de
282 3240 395 3324 quibus
417 3241 447 3303 in
472 3241 623 3306 Orosium
647 3239 774 3322 scripsi.
811 3242 853 3320 Q.
872 3238 1003 3304 Catulus
1026 3253 1116 3320 pater
1139 3254 1204 3306 est:
1229 3246 1267 3305 de
1290 3245 1378 3306 cuius

72 3332 181 3399 necno
202 3356 320 3417 genere
343 3334 435 3395 multa
461 3325 630 3397 Cicero'in
654 3334 757 3397 Bruto
787 3355 858 3415 cap.
884 3334 936 3396 35.
982 3335 1174 3407 Interiectus
1197 3347 1244 3398 est
1266 3359 1282 3397 a
1308 3336 1382 3399 Ma·

71 3428 156 3493 nanis
173 3450 257 3493 anno
278 3426 475 3492 DCLXVI.
509 3428 632 3490 Eodem
656 3449 737 3490 anno
761 3429 813 3490 M.
830 3427 989 3491 Antonius
1012 3439 1142 3504 orator,
1169 3430 1223 3510 qui
1245 3430 1381 3493 triennio

72 3534 152 3602 poet,
183 3544 243 3585 suo
265 3519 408 3582 nimirum
433 3541 532 3595 anno,
562 3521 674 3582 consul
696 3520 772 3595 luit,
804 3533 935 3600 praetor
957 3521 1128 3584 maritimos
1151 3525 1327 3604 praedones
1350 3522 1379 3584 in

72 3614 202 3683 (siliciam
235 3629 421 3697 persecutus
454 3614 531 3688 init,
568 3626 601 3674 ut
630 3624 676 3675 est
707 3613 736 3674 iu
768 3613 904 3694 epitoma
934 3613 1068 3675 Liviana
1098 3615 1181 3678 libro
1213 3617 1380 3682 LXVIII.

71 3712 165 3796 Atque
187 3713 268 3773 hanc
290 3729 356 3771 rein
378 3707 446 3790 ipse
471 3706 629 3770 Antonius
652 3705 850 3789 intelligens,
876 3707 931 3768 lib.
955 3707 984 3770 I.
1009 3710 1046 3768 dc
1071 3708 1211 3772 Oratore
1233 3712 1378 3792 capili.

72 3806 141 3867 them
157 3803 392 3887 proconsule,
418 3799 535 3880 inqtrit,
560 3799 596 3860 in
611 3800 764 3864 Ciliciam
784 3800 1012 3882 proficiscens
1027 3804 1179 3866 Athenas
1198 3804 1381 3876 venissem,

72 3902 249 3983 complures
270 3909 343 3958 tum
362 3894 409 3956 ibi
428 3895 501 3956 dies
520 3914 596 3956 sum
611 3905 757 3977 propter
774 3895 962 3978 navigandi
976 3894 1218 3982 difficultatem
1233 3919 1382 3959 eommo-

72 4002 168 4057 Νίκα.
213 3989 398 4061 Corradus,
434 4009 497 4051 non
527 3989 797 4060 animadvertens,
833 3990 1056 4067 proconsulem
1088 3988 1149 4050 diei
1178 3990 1290 4061 etiam,
1326 3990 1380 4072 qui

71 4092 130 4151 ante
147 4083 346 4149 nonstrlatnm
370 4103 439 4143 ciem
463 4080 595 4161 irnperio
618 4079 780 4143 consulari
801 4081 831 4142 in
847 4078 1044 4162 provinciam
1063 4080 1214 4153 mittitur,
1240 4081 1378 4161 scripsit,

69 4174 309 4245 lantoniam
337 4186 411 4257 p'ost
440 4175 637 4237 consulatum
664 4174 695 4235 in
719 4173 862 4238 Ciliciam
885 4172 1078 4255 proiectum.
1124 4176 1176 4236 Tu
1199 4173 1273 4256 lego
1291 4194 1380 4236 corn·

7 4334 9 4357 γ
69 4270 243 4337 mmm
266 4281 409 4333 nostrum
432 4267 462 4329 io
485 4266 701 4351 Ligarianam.
736 4270 845 4348 Atque
868 4267 919 4328 hie
941 4279 989 4329 est
1011 4268 1170 4330 Antonius
1194 4264 1245 4328 ille
1269 4267 1380 4341 triton·

7 4436 8 4439 Ἴ
71 4362 159 4445 st
180 4364 249 4440 vir,
286 4362 373 4426 cuius
403 4362 499 4423 liliam
530 4382 546 4421 a
576 4359 791 4441 praedonibus
821 4370 944 4440 captam
975 4360 1091 4434 lenisse,
1127 4358 1318 4422 Plutarchus
1350 4361 1378 4421 in
1480 4406 1484 4416 ,

69 4454 219 4542 Pamin
249 4458 357 4521 tradit.
400 4457 490 4520 Unde
514 4453 630 4517 Cicero
661 4474 722 4533 pro
753 4454 823 4537 lege
847 4453 978 4516 Manilia
1010 4475 1081 4531 cap.
1107 4454 1158 4513 tt.
1203 4456 1259 4516 An
1274 4454 1381 4536 ‘igno-

74 4552 163 4626 ratio,
196 4576 244 4615 ex
265 4551 405 4616 Miseno
430 4548 505 4610 eins
524 4546 633 4629 ipsius
654 4544 796 4620 liberos,
832 4548 890 4629 qui
919 4568 994 4607 ceam
1016 4543 1250 4625 praedonibus
1277 4558 1380 4607 scortea

74 4642 110 4707 ihi
125 4644 245 4709 hellam
265 4654 440 4730 gesserat,
464 4661 489 4704 a
502 4640 736 4724 praedonibus
757 4661 829 4702 esse
853 4637 1028 4702 sublatos?
1051 4637 1080 4698 in
1100 4638 1188 4699 errius
1206 4639 1268 4701 loci
1283 4639 1381 4700 iuter-

76 4740 234 4814 ptttatione
256 4737 456 4803 doctissimus
479 4737 681 4798 Hotomanus
710 4753 876 4813 perperam
909 4733 990 4792 hinne
1013 4732 1186 4803 Antonium
1219 4753 1288 4792 curru
1312 4732 1378 4792 eins

77 4828 144 4909 lilio,
173 4833 227 4918 qui
249 4842 382 4897 curator
405 4851 479 4894 orae
503 4825 673 4918 maritimae
695 4825 773 4901 luit,
807 4836 842 4887 ut
864 4823 944 4885 infra
969 4824 1272 4901 demonstrabimus,
1303 4843 1380 4885 eon-
