<?xml version="1.0" encoding="UTF-8"?>
<!DOCTYPE html PUBLIC "-//W3C//DTD XHTML 1.0 Transitional//EN"
    "http://www.w3.org/TR/xhtml1/DTD/xhtml1-transitional.dtd">
<html xmlns="http://www.w3.org/1999/xhtml" xml:lang="en" lang="en">
 <head>
  <title>
</title>
<meta http-equiv="Content-Type" content="text/html;charset=utf-8" />
  <meta name='ocr-system' content='tesseract 3.04.00' />
  <meta name='ocr-capabilities' content='ocr_page ocr_carea ocr_par ocr_line ocrx_word'/>
</head>
<body>
  <div class='ocr_page' id='page_1' title='image "./mtulliiciceroni00unkngoog_0499.png"; bbox 0 0 3332 5588; ppageno 0'>
   <div class='ocr_carea' id='block_1_1' title="bbox 267 317 1077 417">
    <p class='ocr_par' dir='ltr' id='par_1_1' title="bbox 267 317 1077 417">
     <span class='ocr_line' id='line_1_1' title="bbox 267 317 1077 417; baseline 0.042 -33"><span class='ocrx_word' id='word_1_1' title='bbox 267 317 330 385; x_wconf 76' lang='lat' dir='ltr'><strong>tet</strong></span> <span class='ocrx_word' id='word_1_2' title='bbox 791 340 836 409; x_wconf 81' lang='grc' dir='ltr'><strong>Ρ.</strong></span> <span class='ocrx_word' id='word_1_3' title='bbox 856 342 1077 417; x_wconf 76' lang='lat' dir='ltr'><strong>LAZERUS</strong></span> 
     </span>
    </p>
   </div>
   <div class='ocr_carea' id='block_1_2' title="bbox 169 470 1599 4538">
    <p class='ocr_par' dir='ltr' id='par_1_2' title="bbox 169 470 1599 4538">
     <span class='ocr_line' id='line_1_2' title="bbox 269 470 1597 586; baseline 0.041 -62"><span class='ocrx_word' id='word_1_4' title='bbox 269 471 362 527; x_wconf 86' lang='lat' dir='ltr'><strong>cutus</strong></span> <span class='ocrx_word' id='word_1_5' title='bbox 383 476 449 546; x_wconf 87' lang='lat' dir='ltr'><strong>cst,</strong></span> <span class='ocrx_word' id='word_1_6' title='bbox 485 470 525 534; x_wconf 84' lang='lat' dir='ltr'><strong>ad</strong></span> <span class='ocrx_word' id='word_1_7' title='bbox 551 471 709 556; x_wconf 84' lang='lat' dir='ltr'><strong>privatam</strong></span> <span class='ocrx_word' id='word_1_8' title='bbox 730 485 887 567; x_wconf 60' lang='lat' dir='ltr'><strong>pandam</strong></span> <span class='ocrx_word' id='word_1_9' title='bbox 908 488 1119 559; x_wconf 68' lang='lat' dir='ltr'><strong>calamitatem</strong></span> <span class='ocrx_word' id='word_1_10' title='bbox 1139 516 1228 563; x_wconf 86' lang='lat' dir='ltr'><strong>suam</strong></span> <span class='ocrx_word' id='word_1_11' title='bbox 1250 499 1429 586; x_wconf 84' lang='lat' dir='ltr'><strong>descendit,</strong></span> <span class='ocrx_word' id='word_1_12' title='bbox 1462 520 1597 577; x_wconf 76' lang='lat' dir='ltr'><strong>monem</strong></span> 
     </span>
     <span class='ocr_line' id='line_1_3' title="bbox 268 554 1598 684; baseline 0.041 -67"><span class='ocrx_word' id='word_1_13' title='bbox 268 554 416 623; x_wconf 90' lang='lat' dir='ltr'><strong>nimirum</strong></span> <span class='ocrx_word' id='word_1_14' title='bbox 443 561 553 629; x_wconf 79' lang='lat' dir='ltr'><strong>fratris</strong></span> <span class='ocrx_word' id='word_1_15' title='bbox 581 566 642 632; x_wconf 86' lang='lat' dir='ltr'><strong>lilii</strong></span> <span class='ocrx_word' id='word_1_16' title='bbox 668 591 709 636; x_wconf 85' lang='lat' dir='ltr'><strong>ex</strong></span> <span class='ocrx_word' id='word_1_17' title='bbox 730 576 928 659; x_wconf 71' lang='lat' dir='ltr'><strong>pestilentia,</strong></span> <span class='ocrx_word' id='word_1_18' title='bbox 964 607 1060 671; x_wconf 85' lang='lat' dir='ltr'><strong>quem</strong></span> <span class='ocrx_word' id='word_1_19' title='bbox 1088 590 1132 656; x_wconf 91' lang='lat' dir='ltr'><strong>ait</strong></span> <span class='ocrx_word' id='word_1_20' title='bbox 1157 594 1268 676; x_wconf 86' lang='lat' dir='ltr'><strong>paucis</strong></span> <span class='ocrx_word' id='word_1_21' title='bbox 1296 609 1465 684; x_wconf 78' lang='lat' dir='ltr'><strong>postquam</strong></span> <span class='ocrx_word' id='word_1_22' title='bbox 1488 601 1523 666; x_wconf 90' lang='lat' dir='ltr'><strong>in</strong></span> <span class='ocrx_word' id='word_1_23' title='bbox 1543 607 1598 671; x_wconf 89' lang='lat' dir='ltr'><strong>do-</strong></span> 
     </span>
     <span class='ocr_line' id='line_1_4' title="bbox 266 656 1599 763; baseline 0.04 -53"><span class='ocrx_word' id='word_1_24' title='bbox 266 658 393 715; x_wconf 85' lang='lat' dir='ltr'><strong>ctorum</strong></span> <span class='ocrx_word' id='word_1_25' title='bbox 413 656 580 742; x_wconf 80' lang='lat' dir='ltr'><strong>regiorum</strong></span> <span class='ocrx_word' id='word_1_26' title='bbox 601 684 766 735; x_wconf 84' lang='lat' dir='ltr'><strong>numerum</strong></span> <span class='ocrx_word' id='word_1_27' title='bbox 789 673 970 759; x_wconf 80' lang='lat' dir='ltr'><strong>adscriptus</strong></span> <span class='ocrx_word' id='word_1_28' title='bbox 996 679 1103 747; x_wconf 83' lang='lat' dir='ltr'><strong>inerat</strong></span> <span class='ocrx_word' id='word_1_29' title='bbox 1126 687 1287 754; x_wconf 87' lang='lat' dir='ltr'><strong>mensibus</strong></span> <span class='ocrx_word' id='word_1_30' title='bbox 1308 692 1511 762; x_wconf 85' lang='lat' dir='ltr'><strong>Monstrolio</strong></span> <span class='ocrx_word' id='word_1_31' title='bbox 1531 699 1599 763; x_wconf 91' lang='lat' dir='ltr'><strong>Ln-</strong></span> 
     </span>
     <span class='ocr_line' id='line_1_5' title="bbox 214 729 1597 861; baseline 0.041 -60"><span class='ocrx_word' id='word_1_32' title='bbox 214 729 222 742; x_wconf 74' lang='grc'><strong>’</strong></span> <span class='ocrx_word' id='word_1_33' title='bbox 264 740 373 807; x_wconf 89' lang='lat' dir='ltr'><strong>tetiam</strong></span> <span class='ocrx_word' id='word_1_34' title='bbox 396 768 566 831; x_wconf 84' lang='lat' dir='ltr'><strong>evocasse,</strong></span> <span class='ocrx_word' id='word_1_35' title='bbox 599 770 635 822; x_wconf 92' lang='lat' dir='ltr'><strong>ut</strong></span> <span class='ocrx_word' id='word_1_36' title='bbox 654 758 686 823; x_wconf 93' lang='lat' dir='ltr'><strong>in</strong></span> <span class='ocrx_word' id='word_1_37' title='bbox 708 768 875 848; x_wconf 81' lang='lat' dir='ltr'><strong>gymnasio</strong></span> <span class='ocrx_word' id='word_1_38' title='bbox 896 771 1054 847; x_wconf 88' lang='lat' dir='ltr'><strong>Plessaeo</strong></span> <span class='ocrx_word' id='word_1_39' title='bbox 1076 779 1276 861; x_wconf 70' lang='lat' dir='ltr'><strong>erudiretur-3</strong></span> <span class='ocrx_word' id='word_1_40' title='bbox 1310 798 1472 855; x_wconf 61' lang='lat' dir='ltr'><strong>mutuum</strong></span> <span class='ocrx_word' id='word_1_41' title='bbox 1495 803 1597 857; x_wconf 88' lang='lat' dir='ltr'><strong>autem</strong></span> 
     </span>
     <span class='ocr_line' id='line_1_6' title="bbox 263 838 1598 966; baseline 0.041 -68"><span class='ocrx_word' id='word_1_42' title='bbox 263 838 421 918; x_wconf 77' lang='lat' dir='ltr'><strong>postridie</strong></span> <span class='ocrx_word' id='word_1_43' title='bbox 443 843 519 911; x_wconf 82' lang='lat' dir='ltr'><strong>Kal.</strong></span> <span class='ocrx_word' id='word_1_44' title='bbox 545 849 705 934; x_wconf 67' lang='lat' dir='ltr'><strong>octobr„</strong></span> <span class='ocrx_word' id='word_1_45' title='bbox 739 872 911 947; x_wconf 85' lang='lat' dir='ltr'><strong>postquam</strong></span> <span class='ocrx_word' id='word_1_46' title='bbox 940 887 1055 932; x_wconf 90' lang='lat' dir='ltr'><strong>aunum</strong></span> <span class='ocrx_word' id='word_1_47' title='bbox 1076 871 1237 960; x_wconf 80' lang='lat' dir='ltr'><strong>integrum</strong></span> <span class='ocrx_word' id='word_1_48' title='bbox 1260 888 1293 942; x_wconf 94' lang='lat' dir='ltr'><strong>et</strong></span> <span class='ocrx_word' id='word_1_49' title='bbox 1313 900 1353 945; x_wconf 86' lang='lat' dir='ltr'><strong>eo</strong></span> <span class='ocrx_word' id='word_1_50' title='bbox 1375 882 1510 966; x_wconf 87' lang='lat' dir='ltr'><strong>amplius</strong></span> <span class='ocrx_word' id='word_1_51' title='bbox 1530 888 1598 951; x_wconf 88' lang='lat' dir='ltr'><strong>Lu·</strong></span> 
     </span>
     <span class='ocr_line' id='line_1_7' title="bbox 263 928 1597 1055; baseline 0.04 -65"><span class='ocrx_word' id='word_1_52' title='bbox 263 928 359 995; x_wconf 88' lang='lat' dir='ltr'><strong>totiae</strong></span> <span class='ocrx_word' id='word_1_53' title='bbox 378 933 486 1002; x_wconf 86' lang='lat' dir='ltr'><strong>iuerat</strong></span> <span class='ocrx_word' id='word_1_54' title='bbox 505 963 736 1023; x_wconf 73' lang='lat' dir='ltr'><strong>commoratus,</strong></span> <span class='ocrx_word' id='word_1_55' title='bbox 778 956 971 1024; x_wconf 87' lang='lat' dir='ltr'><strong>Ratiouibus</strong></span> <span class='ocrx_word' id='word_1_56' title='bbox 999 982 1081 1052; x_wconf 85' lang='lat' dir='ltr'><strong>crgo</strong></span> <span class='ocrx_word' id='word_1_57' title='bbox 1102 970 1266 1035; x_wconf 87' lang='lat' dir='ltr'><strong>subductis</strong></span> <span class='ocrx_word' id='word_1_58' title='bbox 1280 972 1468 1055; x_wconf 61' lang='lat' dir='ltr'><strong>,inveniann</strong></span> <span class='ocrx_word' id='word_1_59' title='bbox 1499 980 1597 1043; x_wconf 87' lang='lat' dir='ltr'><strong>Lam·</strong></span> 
     </span>
     <span class='ocr_line' id='line_1_8' title="bbox 262 1021 1597 1150; baseline 0.039 -63"><span class='ocrx_word' id='word_1_60' title='bbox 262 1021 372 1089; x_wconf 90' lang='lat' dir='ltr'><strong>binum</strong></span> <span class='ocrx_word' id='word_1_61' title='bbox 403 1034 515 1114; x_wconf 80' lang='lat' dir='ltr'><strong>paucis</strong></span> <span class='ocrx_word' id='word_1_62' title='bbox 547 1042 707 1110; x_wconf 90' lang='lat' dir='ltr'><strong>mensibus</strong></span> <span class='ocrx_word' id='word_1_63' title='bbox 734 1060 807 1114; x_wconf 82' lang='lat' dir='ltr'><strong>ante</strong></span> <span class='ocrx_word' id='word_1_64' title='bbox 837 1054 1016 1121; x_wconf 77' lang='lat' dir='ltr'><strong>Octobrem</strong></span> <span class='ocrx_word' id='word_1_65' title='bbox 1046 1060 1142 1126; x_wconf 81' lang='grc'><strong>1561.</strong></span> <span class='ocrx_word' id='word_1_66' title='bbox 1170 1065 1297 1150; x_wconf 82' lang='lat' dir='ltr'><strong>regium</strong></span> <span class='ocrx_word' id='word_1_67' title='bbox 1326 1069 1496 1135; x_wconf 77' lang='lat' dir='ltr'><strong>doctorem</strong></span> <span class='ocrx_word' id='word_1_68' title='bbox 1528 1093 1597 1139; x_wconf 86' lang='lat' dir='ltr'><strong>esse</strong></span> 
     </span>
     <span class='ocr_line' id='line_1_9' title="bbox 260 1113 1595 1244; baseline 0.041 -67"><span class='ocrx_word' id='word_1_69' title='bbox 260 1113 393 1188; x_wconf 84' lang='lat' dir='ltr'><strong>iactum.</strong></span> <span class='ocrx_word' id='word_1_70' title='bbox 435 1126 533 1208; x_wconf 83' lang='lat' dir='ltr'><strong>Quod</strong></span> <span class='ocrx_word' id='word_1_71' title='bbox 552 1134 679 1220; x_wconf 89' lang='lat' dir='ltr'><strong>quidem</strong></span> <span class='ocrx_word' id='word_1_72' title='bbox 701 1142 822 1225; x_wconf 86' lang='lat' dir='ltr'><strong>optime</strong></span> <span class='ocrx_word' id='word_1_73' title='bbox 843 1151 994 1215; x_wconf 84' lang='lat' dir='ltr'><strong>convenit</strong></span> <span class='ocrx_word' id='word_1_74' title='bbox 1016 1175 1086 1218; x_wconf 89' lang='lat' dir='ltr'><strong>cum</strong></span> <span class='ocrx_word' id='word_1_75' title='bbox 1108 1155 1241 1242; x_wconf 84' lang='lat' dir='ltr'><strong>reliquis</strong></span> <span class='ocrx_word' id='word_1_76' title='bbox 1263 1161 1331 1226; x_wconf 89' lang='lat' dir='ltr'><strong>eius</strong></span> <span class='ocrx_word' id='word_1_77' title='bbox 1352 1163 1437 1229; x_wconf 79' lang='lat' dir='ltr'><strong>vitae</strong></span> <span class='ocrx_word' id='word_1_78' title='bbox 1457 1165 1595 1244; x_wconf 82' lang='lat' dir='ltr'><strong>actibus,</strong></span> 
     </span>
     <span class='ocr_line' id='line_1_10' title="bbox 262 1219 1596 1336; baseline 0.04 -61"><span class='ocrx_word' id='word_1_79' title='bbox 262 1219 359 1295; x_wconf 87' lang='lat' dir='ltr'><strong>atque</strong></span> <span class='ocrx_word' id='word_1_80' title='bbox 388 1237 429 1281; x_wconf 94' lang='lat' dir='ltr'><strong>eo</strong></span> <span class='ocrx_word' id='word_1_81' title='bbox 448 1229 655 1311; x_wconf 83' lang='lat' dir='ltr'><strong>praesertim,</strong></span> <span class='ocrx_word' id='word_1_82' title='bbox 686 1256 753 1319; x_wconf 85' lang='lat' dir='ltr'><strong>quo</strong></span> <span class='ocrx_word' id='word_1_83' title='bbox 773 1239 929 1324; x_wconf 84' lang='lat' dir='ltr'><strong>Lugduni</strong></span> <span class='ocrx_word' id='word_1_84' title='bbox 950 1245 1062 1313; x_wconf 90' lang='lat' dir='ltr'><strong>Idibus</strong></span> <span class='ocrx_word' id='word_1_85' title='bbox 1083 1251 1254 1336; x_wconf 72' lang='lat' dir='ltr'><strong>Aprilibus</strong></span> <span class='ocrx_word' id='word_1_86' title='bbox 1275 1256 1447 1324; x_wconf 81' lang='lat' dir='ltr'><strong>Horatium</strong></span> <span class='ocrx_word' id='word_1_87' title='bbox 1470 1258 1596 1328; x_wconf 85' lang='lat' dir='ltr'><strong>Carolo</strong></span> 
     </span>
     <span class='ocr_line' id='line_1_11' title="bbox 260 1301 1176 1411; baseline 0.049 -45"><span class='ocrx_word' id='word_1_88' title='bbox 260 1301 326 1372; x_wconf 86' lang='lat' dir='ltr'><strong>IX.</strong></span> <span class='ocrx_word' id='word_1_89' title='bbox 349 1319 384 1373; x_wconf 91' lang='lat' dir='ltr'><strong>et</strong></span> <span class='ocrx_word' id='word_1_90' title='bbox 405 1310 571 1385; x_wconf 84' lang='lat' dir='ltr'><strong>Cardinali</strong></span> <span class='ocrx_word' id='word_1_91' title='bbox 593 1325 765 1397; x_wconf 89' lang='lat' dir='ltr'><strong>Turnonio</strong></span> <span class='ocrx_word' id='word_1_92' title='bbox 786 1336 955 1404; x_wconf 83' lang='lat' dir='ltr'><strong>dedicarit.</strong></span> <span class='ocrx_word' id='word_1_93' title='bbox 1172 1398 1176 1411; x_wconf 86' lang='lat'>.</span> 
     </span>
     <span class='ocr_line' id='line_1_12' title="bbox 250 1402 1592 1529; baseline 0.042 -69"><span class='ocrx_word' id='word_1_94' title='bbox 250 1455 252 1459; x_wconf 76' lang='grc'>,</span> <span class='ocrx_word' id='word_1_95' title='bbox 345 1402 380 1469; x_wconf 82' lang='grc'><strong>7.</strong></span> <span class='ocrx_word' id='word_1_96' title='bbox 426 1406 657 1485; x_wconf 75' lang='lat' dir='ltr'><strong>commentarii</strong></span> <span class='ocrx_word' id='word_1_97' title='bbox 691 1422 738 1489; x_wconf 90' lang='lat' dir='ltr'><strong>illi</strong></span> <span class='ocrx_word' id='word_1_98' title='bbox 771 1428 805 1492; x_wconf 89' lang='lat' dir='ltr'><strong>in</strong></span> <span class='ocrx_word' id='word_1_99' title='bbox 838 1431 1027 1515; x_wconf 86' lang='lat' dir='ltr'><strong>Horatium,</strong></span> <span class='ocrx_word' id='word_1_100' title='bbox 1063 1437 1092 1502; x_wconf 88' lang='lat' dir='ltr'><strong>si</strong></span> <span class='ocrx_word' id='word_1_101' title='bbox 1123 1441 1397 1510; x_wconf 85' lang='lat' dir='ltr'><strong>Sammartbauum</strong></span> <span class='ocrx_word' id='word_1_102' title='bbox 1430 1448 1592 1529; x_wconf 77' lang='lat' dir='ltr'><strong>audimus,</strong></span> 
     </span>
     <span class='ocr_line' id='line_1_13' title="bbox 260 1498 1595 1624; baseline 0.041 -68"><span class='ocrx_word' id='word_1_103' title='bbox 260 1512 379 1580; x_wconf 77' lang='lat' dir='ltr'><strong>magno</strong></span> <span class='ocrx_word' id='word_1_104' title='bbox 401 1498 434 1564; x_wconf 89' lang='lat' dir='ltr'><strong>in</strong></span> <span class='ocrx_word' id='word_1_105' title='bbox 454 1504 561 1591; x_wconf 56' lang='lat' dir='ltr'><strong>metio</strong></span> <span class='ocrx_word' id='word_1_106' title='bbox 583 1525 659 1577; x_wconf 90' lang='lat' dir='ltr'><strong>sunt</strong></span> <span class='ocrx_word' id='word_1_107' title='bbox 686 1523 772 1603; x_wconf 85' lang='lat' dir='ltr'><strong>apud</strong></span> <span class='ocrx_word' id='word_1_108' title='bbox 793 1523 884 1592; x_wconf 81' lang='lat' dir='ltr'><strong>viros</strong></span> <span class='ocrx_word' id='word_1_109' title='bbox 907 1530 1039 1609; x_wconf 87' lang='lat' dir='ltr'><strong>doctos,</strong></span> <span class='ocrx_word' id='word_1_110' title='bbox 1071 1554 1193 1619; x_wconf 82' lang='lat' dir='ltr'><strong>eosque</strong></span> <span class='ocrx_word' id='word_1_111' title='bbox 1217 1537 1351 1603; x_wconf 87' lang='lat' dir='ltr'><strong>multum</strong></span> <span class='ocrx_word' id='word_1_112' title='bbox 1373 1539 1497 1624; x_wconf 87' lang='lat' dir='ltr'><strong>Ioseph</strong></span> <span class='ocrx_word' id='word_1_113' title='bbox 1519 1546 1595 1608; x_wconf 85' lang='lat' dir='ltr'><strong>Sca·</strong></span> 
     </span>
     <span class='ocr_line' id='line_1_14' title="bbox 244 1582 1594 1713; baseline 0.043 -67"><span class='ocrx_word' id='word_1_114' title='bbox 244 1582 340 1671; x_wconf 83' lang='lat' dir='ltr'><strong>liger</strong></span> <span class='ocrx_word' id='word_1_115' title='bbox 360 1589 529 1664; x_wconf 84' lang='lat' dir='ltr'><strong>laudavit.¹</strong></span> <span class='ocrx_word' id='word_1_116' title='bbox 562 1604 712 1675; x_wconf 88' lang='lat' dir='ltr'><strong>Vidimus</strong></span> <span class='ocrx_word' id='word_1_117' title='bbox 734 1636 791 1680; x_wconf 90' lang='lat' dir='ltr'><strong>eos</strong></span> <span class='ocrx_word' id='word_1_118' title='bbox 813 1620 1031 1708; x_wconf 85' lang='lat' dir='ltr'><strong>quinquennio</strong></span> <span class='ocrx_word' id='word_1_119' title='bbox 1052 1639 1141 1710; x_wconf 86' lang='lat' dir='ltr'><strong>post,</strong></span> <span class='ocrx_word' id='word_1_120' title='bbox 1165 1628 1199 1693; x_wconf 93' lang='lat' dir='ltr'><strong>id</strong></span> <span class='ocrx_word' id='word_1_121' title='bbox 1220 1642 1270 1695; x_wconf 86' lang='lat' dir='ltr'><strong>est</strong></span> <span class='ocrx_word' id='word_1_122' title='bbox 1290 1644 1376 1698; x_wconf 88' lang='lat' dir='ltr'><strong>anno</strong></span> <span class='ocrx_word' id='word_1_123' title='bbox 1392 1635 1506 1713; x_wconf 70' lang='lat'>1566„</span> <span class='ocrx_word' id='word_1_124' title='bbox 1530 1639 1594 1703; x_wconf 91' lang='lat' dir='ltr'><strong>edi·</strong></span> 
     </span>
     <span class='ocr_line' id='line_1_15' title="bbox 228 1681 1595 1797; baseline 0.043 -57"><span class='ocrx_word' id='word_1_125' title='bbox 228 1732 232 1739; x_wconf 88' lang='lat'><em>.</em></span> <span class='ocrx_word' id='word_1_126' title='bbox 257 1688 310 1745; x_wconf 91' lang='lat' dir='ltr'><strong>tos</strong></span> <span class='ocrx_word' id='word_1_127' title='bbox 336 1681 480 1754; x_wconf 77' lang='lat' dir='ltr'><strong>Veneot&#39;s</strong></span> <span class='ocrx_word' id='word_1_128' title='bbox 499 1698 590 1782; x_wconf 83' lang='lat' dir='ltr'><strong>apud</strong></span> <span class='ocrx_word' id='word_1_129' title='bbox 606 1699 742 1771; x_wconf 82' lang='lat' dir='ltr'><strong>Paulum</strong></span> <span class='ocrx_word' id='word_1_130' title='bbox 763 1709 940 1779; x_wconf 76' lang='lat' dir='ltr'><strong>Munatium</strong></span> <span class='ocrx_word' id='word_1_131' title='bbox 960 1717 1043 1782; x_wconf 77' lang='lat' dir='ltr'><strong>Atat</strong></span> <span class='ocrx_word' id='word_1_132' title='bbox 1059 1719 1100 1785; x_wconf 85' lang='lat' dir='ltr'><strong>F.</strong></span> <span class='ocrx_word' id='word_1_133' title='bbox 1123 1742 1193 1787; x_wconf 87' lang='lat' dir='ltr'><strong>cum</strong></span> <span class='ocrx_word' id='word_1_134' title='bbox 1215 1724 1436 1797; x_wconf 79' lang='lat' dir='ltr'><strong>additamentis</strong></span> <span class='ocrx_word' id='word_1_135' title='bbox 1456 1735 1595 1797; x_wconf 88' lang='lat' dir='ltr'><strong>nonnul·</strong></span> 
     </span>
     <span class='ocr_line' id='line_1_16' title="bbox 257 1771 1595 1921; baseline 0.041 -83"><span class='ocrx_word' id='word_1_136' title='bbox 257 1771 299 1837; x_wconf 82' lang='lat' dir='ltr'><strong>lis</strong></span> <span class='ocrx_word' id='word_1_137' title='bbox 320 1776 374 1843; x_wconf 89' lang='lat' dir='ltr'><strong>Io.</strong></span> <span class='ocrx_word' id='word_1_138' title='bbox 398 1783 570 1859; x_wconf 79' lang='lat' dir='ltr'><strong>Michaelis</strong></span> <span class='ocrx_word' id='word_1_139' title='bbox 593 1797 704 1876; x_wconf 90' lang='lat' dir='ltr'><strong>Bruti,</strong></span> <span class='ocrx_word' id='word_1_140' title='bbox 735 1788 792 1889; x_wconf 73' lang='lat' dir='ltr'><strong>quii</strong></span> <span class='ocrx_word' id='word_1_141' title='bbox 814 1807 942 1893; x_wconf 87' lang='lat' dir='ltr'><strong>quidem</strong></span> <span class='ocrx_word' id='word_1_142' title='bbox 964 1815 1086 1880; x_wconf 85' lang='lat' dir='ltr'><strong>Brutus</strong></span> <span class='ocrx_word' id='word_1_143' title='bbox 1107 1818 1139 1882; x_wconf 95' lang='lat' dir='ltr'><strong>in</strong></span> <span class='ocrx_word' id='word_1_144' title='bbox 1160 1820 1297 1902; x_wconf 85' lang='lat' dir='ltr'><strong>epistola</strong></span> <span class='ocrx_word' id='word_1_145' title='bbox 1316 1821 1427 1887; x_wconf 88' lang='lat' dir='ltr'><strong>iisdem</strong></span> <span class='ocrx_word' id='word_1_146' title='bbox 1447 1828 1595 1921; x_wconf 79' lang='lat' dir='ltr'><strong>praefixa</strong></span> 
     </span>
     <span class='ocr_line' id='line_1_17' title="bbox 257 1869 1595 1995; baseline 0.042 -64"><span class='ocrx_word' id='word_1_147' title='bbox 257 1869 371 1936; x_wconf 76' lang='lat' dir='ltr'><strong>scribit</strong></span> <span class='ocrx_word' id='word_1_148' title='bbox 387 1876 565 1951; x_wconf 87' lang='lat' dir='ltr'><strong>Francisco</strong></span> <span class='ocrx_word' id='word_1_149' title='bbox 580 1890 752 1972; x_wconf 81' lang='lat' dir='ltr'><strong>Raiueri03</strong></span> <span class='ocrx_word' id='word_1_150' title='bbox 781 1921 874 1973; x_wconf 82' lang='lat' dir='ltr'><strong>„eum</strong></span> <span class='ocrx_word' id='word_1_151' title='bbox 894 1904 1118 1995; x_wconf 58' lang='lat' dir='ltr'><strong>intelligerem,</strong></span> <span class='ocrx_word' id='word_1_152' title='bbox 1129 1920 1133 1929; x_wconf 95' lang='lat'>&#39;</span> <span class='ocrx_word' id='word_1_153' title='bbox 1145 1910 1331 1978; x_wconf 80' lang='lat' dir='ltr'><strong>Lambrnum</strong></span> <span class='ocrx_word' id='word_1_154' title='bbox 1351 1921 1386 1979; x_wconf 84' lang='lat' dir='ltr'><strong>in</strong></span> <span class='ocrx_word' id='word_1_155' title='bbox 1404 1917 1595 1984; x_wconf 72' lang='lat' dir='ltr'><strong>wmdubus</strong></span> 
     </span>
     <span class='ocr_line' id='line_1_18' title="bbox 169 1954 1597 2092; baseline 0.043 -73"><span class='ocrx_word' id='word_1_156' title='bbox 169 1956 173 1975; x_wconf 80' lang='lat'><strong>¹</strong></span> <span class='ocrx_word' id='word_1_157' title='bbox 256 1954 387 2029; x_wconf 80' lang='lat' dir='ltr'><strong>Harant·</strong></span> <span class='ocrx_word' id='word_1_158' title='bbox 411 1975 653 2061; x_wconf 81' lang='lat' dir='ltr'><strong>interpretandis</strong></span> <span class='ocrx_word' id='word_1_159' title='bbox 678 2008 743 2051; x_wconf 87' lang='lat' dir='ltr'><strong>non</strong></span> <span class='ocrx_word' id='word_1_160' title='bbox 768 1991 870 2058; x_wconf 75' lang='lat' dir='ltr'><strong>solum</strong></span> <span class='ocrx_word' id='word_1_161' title='bbox 897 1996 1058 2066; x_wconf 72' lang='lat' dir='ltr'><strong>dormitas</strong></span> <span class='ocrx_word' id='word_1_162' title='bbox 1085 2004 1248 2071; x_wconf 69' lang='lat' dir='ltr'><strong>embadum</strong></span> <span class='ocrx_word' id='word_1_163' title='bbox 1270 2008 1510 2092; x_wconf 67' lang='lat' dir='ltr'><strong>reconditiores,</strong></span> <span class='ocrx_word' id='word_1_164' title='bbox 1538 2013 1597 2077; x_wconf 78' lang='lat' dir='ltr'><strong>sed</strong></span> 
     </span>
     <span class='ocr_line' id='line_1_19' title="bbox 257 2055 1596 2179; baseline 0.044 -64"><span class='ocrx_word' id='word_1_165' title='bbox 257 2055 381 2142; x_wconf 70' lang='lat' dir='ltr'><strong>tingensi</strong></span> <span class='ocrx_word' id='word_1_166' title='bbox 397 2076 491 2154; x_wconf 83' lang='lat' dir='ltr'><strong>atque</strong></span> <span class='ocrx_word' id='word_1_167' title='bbox 511 2070 705 2164; x_wconf 73' lang='lat' dir='ltr'><strong>eloquentiae</strong></span> <span class='ocrx_word' id='word_1_168' title='bbox 725 2082 851 2152; x_wconf 83' lang='lat' dir='ltr'><strong>laudem</strong></span> <span class='ocrx_word' id='word_1_169' title='bbox 872 2112 1022 2179; x_wconf 79' lang='lat' dir='ltr'><strong>magnam</strong></span> <span class='ocrx_word' id='word_1_170' title='bbox 1035 2098 1219 2164; x_wconf 71' lang='lat' dir='ltr'><strong>mtncbbse”</strong></span> <span class='ocrx_word' id='word_1_171' title='bbox 1240 2115 1304 2168; x_wconf 85' lang='lat' dir='ltr'><strong>cet.</strong></span> <span class='ocrx_word' id='word_1_172' title='bbox 1349 2107 1534 2172; x_wconf 80' lang='lat' dir='ltr'><strong>Fatendum</strong></span> <span class='ocrx_word' id='word_1_173' title='bbox 1547 2122 1596 2174; x_wconf 75' lang='lat' dir='ltr'><strong>est</strong></span> 
     </span>
     <span class='ocr_line' id='line_1_20' title="bbox 254 2157 1594 2278; baseline 0.044 -67"><span class='ocrx_word' id='word_1_174' title='bbox 254 2157 360 2217; x_wconf 67' lang='lat' dir='ltr'><strong>umen</strong></span> <span class='ocrx_word' id='word_1_175' title='bbox 381 2161 487 2226; x_wconf 89' lang='lat' dir='ltr'><strong>multis</strong></span> <span class='ocrx_word' id='word_1_176' title='bbox 508 2167 540 2231; x_wconf 90' lang='lat' dir='ltr'><strong>in</strong></span> <span class='ocrx_word' id='word_1_177' title='bbox 561 2170 644 2238; x_wconf 91' lang='lat' dir='ltr'><strong>locis</strong></span> <span class='ocrx_word' id='word_1_178' title='bbox 666 2177 865 2262; x_wconf 79' lang='lat' dir='ltr'><strong>displicuisse</strong></span> <span class='ocrx_word' id='word_1_179' title='bbox 887 2188 1040 2271; x_wconf 77' lang='lat' dir='ltr'><strong>Murato,</strong></span> <span class='ocrx_word' id='word_1_180' title='bbox 1072 2195 1179 2278; x_wconf 86' lang='lat' dir='ltr'><strong>quiin</strong></span> <span class='ocrx_word' id='word_1_181' title='bbox 1205 2198 1345 2265; x_wconf 85' lang='lat' dir='ltr'><strong>editione</strong></span> <span class='ocrx_word' id='word_1_182' title='bbox 1366 2222 1481 2266; x_wconf 88' lang='lat' dir='ltr'><strong>eorum</strong></span> <span class='ocrx_word' id='word_1_183' title='bbox 1504 2205 1594 2269; x_wconf 84' lang='lat' dir='ltr'><strong>Tor-</strong></span> 
     </span>
     <span class='ocr_line' id='line_1_21' title="bbox 252 2247 1595 2381; baseline 0.04 -74"><span class='ocrx_word' id='word_1_184' title='bbox 252 2247 429 2316; x_wconf 76' lang='lat' dir='ltr'><strong>naesiana²</strong></span> <span class='ocrx_word' id='word_1_185' title='bbox 450 2261 546 2326; x_wconf 83' lang='lat' dir='ltr'><strong>multa</strong></span> <span class='ocrx_word' id='word_1_186' title='bbox 567 2264 601 2329; x_wconf 92' lang='lat' dir='ltr'><strong>iu</strong></span> <span class='ocrx_word' id='word_1_187' title='bbox 622 2274 767 2358; x_wconf 82' lang='lat' dir='ltr'><strong>margine</strong></span> <span class='ocrx_word' id='word_1_188' title='bbox 789 2300 882 2344; x_wconf 88' lang='lat' dir='ltr'><strong>mann</strong></span> <span class='ocrx_word' id='word_1_189' title='bbox 903 2304 960 2347; x_wconf 86' lang='lat' dir='ltr'><strong>sna</strong></span> <span class='ocrx_word' id='word_1_190' title='bbox 983 2289 1119 2352; x_wconf 84' lang='lat' dir='ltr'><strong>notavit.</strong></span> <span class='ocrx_word' id='word_1_191' title='bbox 1164 2291 1210 2355; x_wconf 86' lang='lat' dir='ltr'><strong>Et</strong></span> <span class='ocrx_word' id='word_1_192' title='bbox 1232 2293 1386 2358; x_wconf 86' lang='lat' dir='ltr'><strong>continuo</strong></span> <span class='ocrx_word' id='word_1_193' title='bbox 1407 2295 1542 2381; x_wconf 88' lang='lat' dir='ltr'><strong>quidem</strong></span> <span class='ocrx_word' id='word_1_194' title='bbox 1563 2296 1595 2360; x_wconf 89' lang='lat' dir='ltr'><strong>in</strong></span> 
     </span>
     <span class='ocr_line' id='line_1_22' title="bbox 253 2338 1595 2475; baseline 0.042 -76"><span class='ocrx_word' id='word_1_195' title='bbox 253 2338 389 2421; x_wconf 87' lang='lat' dir='ltr'><strong>epistola</strong></span> <span class='ocrx_word' id='word_1_196' title='bbox 421 2348 541 2421; x_wconf 76' lang='lat' dir='ltr'><strong>lecturi</strong></span> <span class='ocrx_word' id='word_1_197' title='bbox 572 2360 679 2428; x_wconf 89' lang='lat' dir='ltr'><strong>locum</strong></span> <span class='ocrx_word' id='word_1_198' title='bbox 711 2367 800 2434; x_wconf 76' lang='lat' dir='ltr'><strong>nilum</strong></span> <span class='ocrx_word' id='word_1_199' title='bbox 833 2371 905 2438; x_wconf 85' lang='lat' dir='ltr'><strong>libri</strong></span> <span class='ocrx_word' id='word_1_200' title='bbox 928 2376 1009 2440; x_wconf 81' lang='lat' dir='ltr'><strong>milti</strong></span> <span class='ocrx_word' id='word_1_201' title='bbox 1033 2388 1152 2466; x_wconf 81' lang='lat' dir='ltr'><strong>reperti</strong></span> <span class='ocrx_word' id='word_1_202' title='bbox 1175 2395 1251 2447; x_wconf 77' lang='lat' dir='ltr'><strong>sunt</strong></span> <span class='ocrx_word' id='word_1_203' title='bbox 1267 2385 1467 2474; x_wconf 67' lang='lat' dir='ltr'><strong>discrepare,</strong></span> <span class='ocrx_word' id='word_1_204' title='bbox 1504 2394 1595 2475; x_wconf 85' lang='lat' dir='ltr'><strong>quod</strong></span> 
     </span>
     <span class='ocr_line' id='line_1_23' title="bbox 252 2431 1594 2551; baseline 0.043 -57"><span class='ocrx_word' id='word_1_205' title='bbox 252 2431 409 2520; x_wconf 85' lang='lat' dir='ltr'><strong>barbare,</strong></span> <span class='ocrx_word' id='word_1_206' title='bbox 441 2452 556 2529; x_wconf 88' lang='lat' dir='ltr'><strong>credo,</strong></span> <span class='ocrx_word' id='word_1_207' title='bbox 584 2453 618 2519; x_wconf 95' lang='lat' dir='ltr'><strong>id</strong></span> <span class='ocrx_word' id='word_1_208' title='bbox 647 2473 702 2526; x_wconf 89' lang='lat' dir='ltr'><strong>aut</strong></span> <span class='ocrx_word' id='word_1_209' title='bbox 730 2486 795 2530; x_wconf 79' lang='lat' dir='ltr'><strong>nou</strong></span> <span class='ocrx_word' id='word_1_210' title='bbox 821 2469 899 2533; x_wconf 89' lang='lat' dir='ltr'><strong>satis</strong></span> <span class='ocrx_word' id='word_1_211' title='bbox 926 2473 1044 2539; x_wconf 85' lang='lat' dir='ltr'><strong>Latine</strong></span> <span class='ocrx_word' id='word_1_212' title='bbox 1078 2476 1106 2539; x_wconf 91' lang='lat' dir='ltr'><strong>ei</strong></span> <span class='ocrx_word' id='word_1_213' title='bbox 1135 2477 1253 2542; x_wconf 88' lang='lat' dir='ltr'><strong>dictum</strong></span> <span class='ocrx_word' id='word_1_214' title='bbox 1281 2481 1466 2548; x_wconf 86' lang='lat' dir='ltr'><strong>videretura</strong></span> <span class='ocrx_word' id='word_1_215' title='bbox 1497 2497 1534 2549; x_wconf 89' lang='lat' dir='ltr'><strong>ct</strong></span> <span class='ocrx_word' id='word_1_216' title='bbox 1562 2487 1594 2551; x_wconf 85' lang='lat' dir='ltr'><strong>in</strong></span> 
     </span>
     <span class='ocr_line' id='line_1_24' title="bbox 252 2528 1591 2666; baseline 0.041 -77"><span class='ocrx_word' id='word_1_217' title='bbox 252 2528 407 2600; x_wconf 85' lang='lat' dir='ltr'><strong>vaticinio</strong></span> <span class='ocrx_word' id='word_1_218' title='bbox 427 2535 484 2607; x_wconf 94' lang='lat' dir='ltr'><strong>illo</strong></span> <span class='ocrx_word' id='word_1_219' title='bbox 501 2545 688 2632; x_wconf 88' lang='lat' dir='ltr'><strong>Maludani,</strong></span> <span class='ocrx_word' id='word_1_220' title='bbox 713 2558 768 2623; x_wconf 89' lang='lat' dir='ltr'><strong>ubi</strong></span> <span class='ocrx_word' id='word_1_221' title='bbox 791 2575 936 2627; x_wconf 73' lang='lat' dir='ltr'><strong>natuerat</strong></span> <span class='ocrx_word' id='word_1_222' title='bbox 957 2573 1189 2657; x_wconf 79' lang='lat' dir='ltr'><strong>tarquingentas</strong></span> <span class='ocrx_word' id='word_1_223' title='bbox 1208 2580 1436 2666; x_wconf 74' lang='lat' dir='ltr'><strong>sexagbsazque</strong></span> <span class='ocrx_word' id='word_1_224' title='bbox 1456 2597 1591 2659; x_wconf 83' lang='lat' dir='ltr'><strong>messes,</strong></span> 
     </span>
     <span class='ocr_line' id='line_1_25' title="bbox 297 2637 1592 2757; baseline 0.039 -70"><span class='ocrx_word' id='word_1_225' title='bbox 297 2637 407 2694; x_wconf 85' lang='lat' dir='ltr'><strong>urelus</strong></span> <span class='ocrx_word' id='word_1_226' title='bbox 436 2637 623 2725; x_wconf 79' lang='lat' dir='ltr'><strong>adscripsit3</strong></span> <span class='ocrx_word' id='word_1_227' title='bbox 653 2648 748 2713; x_wconf 75' lang='lat' dir='ltr'><strong>Adiit</strong></span> <span class='ocrx_word' id='word_1_228' title='bbox 773 2657 870 2743; x_wconf 81' lang='lat' dir='ltr'><strong>igitur</strong></span> <span class='ocrx_word' id='word_1_229' title='bbox 887 2654 970 2721; x_wconf 76' lang='lat' dir='ltr'><strong>dunc</strong></span> <span class='ocrx_word' id='word_1_230' title='bbox 991 2673 1091 2726; x_wconf 82' lang='lat' dir='ltr'><strong>vatem</strong></span> <span class='ocrx_word' id='word_1_231' title='bbox 1111 2662 1234 2755; x_wconf 82' lang='lat' dir='ltr'><strong>aliquot</strong></span> <span class='ocrx_word' id='word_1_232' title='bbox 1250 2673 1343 2731; x_wconf 69' lang='lat' dir='ltr'><strong>arnam</strong></span> <span class='ocrx_word' id='word_1_233' title='bbox 1357 2683 1592 2757; x_wconf 75' lang='lat' dir='ltr'><strong>postmortem</strong></span> 
     </span>
     <span class='ocr_line' id='line_1_26' title="bbox 251 2726 1591 2840; baseline 0.037 -55"><span class='ocrx_word' id='word_1_234' title='bbox 251 2731 352 2783; x_wconf 60' lang='lat' dir='ltr'><strong>fleam·</strong></span> <span class='ocrx_word' id='word_1_235' title='bbox 402 2726 725 2809; x_wconf 84' lang='lat' dir='ltr'><strong>Maiorismomenti</strong></span> <span class='ocrx_word' id='word_1_236' title='bbox 756 2762 847 2828; x_wconf 87' lang='lat' dir='ltr'><strong>sunt,</strong></span> <span class='ocrx_word' id='word_1_237' title='bbox 888 2776 970 2839; x_wconf 74' lang='lat' dir='ltr'><strong>quiae</strong></span> <span class='ocrx_word' id='word_1_238' title='bbox 1002 2755 1034 2819; x_wconf 92' lang='lat' dir='ltr'><strong>in</strong></span> <span class='ocrx_word' id='word_1_239' title='bbox 1063 2757 1140 2840; x_wconf 87' lang='lat' dir='ltr'><strong>ipsis</strong></span> <span class='ocrx_word' id='word_1_240' title='bbox 1170 2765 1406 2829; x_wconf 83' lang='lat' dir='ltr'><strong>commentariis</strong></span> <span class='ocrx_word' id='word_1_241' title='bbox 1437 2769 1591 2834; x_wconf 78' lang='lat' dir='ltr'><strong>confixit.</strong></span> 
     </span>
     <span class='ocr_line' id='line_1_27' title="bbox 254 2803 1594 2948; baseline 0.045 -77"><span class='ocrx_word' id='word_1_242' title='bbox 254 2803 327 2873; x_wconf 81' lang='lat' dir='ltr'><strong>Ode</strong></span> <span class='ocrx_word' id='word_1_243' title='bbox 347 2815 382 2883; x_wconf 74' lang='lat'><strong>2.</strong></span> <span class='ocrx_word' id='word_1_244' title='bbox 405 2822 559 2899; x_wconf 20' lang='lat' dir='ltr'><strong>&#39;madenti</strong></span> <span class='ocrx_word' id='word_1_245' title='bbox 583 2830 729 2902; x_wconf 75' lang='lat' dir='ltr'><strong>irmeeros</strong></span> <span class='ocrx_word' id='word_1_246' title='bbox 755 2848 888 2907; x_wconf 84' lang='lat' dir='ltr'><strong>amictus</strong></span> <span class='ocrx_word' id='word_1_247' title='bbox 916 2848 979 2912; x_wconf 91' lang='lat' dir='ltr'><strong>dici</strong></span> <span class='ocrx_word' id='word_1_248' title='bbox 1006 2872 1103 2933; x_wconf 85' lang='lat' dir='ltr'><strong>posse</strong></span> <span class='ocrx_word' id='word_1_249' title='bbox 1123 2857 1248 2936; x_wconf 84' lang='lat' dir='ltr'><strong>putavit</strong></span> <span class='ocrx_word' id='word_1_250' title='bbox 1269 2860 1465 2938; x_wconf 82' lang='lat' dir='ltr'><strong>Lambinus,</strong></span> <span class='ocrx_word' id='word_1_251' title='bbox 1502 2866 1594 2948; x_wconf 83' lang='lat' dir='ltr'><strong>quod</strong></span> 
     </span>
     <span class='ocr_line' id='line_1_28' title="bbox 251 2908 1592 3036; baseline 0.04 -69"><span class='ocrx_word' id='word_1_252' title='bbox 251 2908 401 2984; x_wconf 84' lang='lat' dir='ltr'><strong>proxime</strong></span> <span class='ocrx_word' id='word_1_253' title='bbox 422 2932 499 2998; x_wconf 90' lang='lat' dir='ltr'><strong>post</strong></span> <span class='ocrx_word' id='word_1_254' title='bbox 519 2926 668 2993; x_wconf 76' lang='lat' dir='ltr'><strong>candenti</strong></span> <span class='ocrx_word' id='word_1_255' title='bbox 686 2936 839 3018; x_wconf 84' lang='lat' dir='ltr'><strong>aspiratio</strong></span> <span class='ocrx_word' id='word_1_256' title='bbox 861 2955 1030 3026; x_wconf 80' lang='lat' dir='ltr'><strong>aequatum,</strong></span> <span class='ocrx_word' id='word_1_257' title='bbox 1066 2950 1310 3036; x_wconf 86' lang='lat' dir='ltr'><strong>exemplumque</strong></span> <span class='ocrx_word' id='word_1_258' title='bbox 1338 2954 1441 3018; x_wconf 89' lang='lat' dir='ltr'><strong>attulit</strong></span> <span class='ocrx_word' id='word_1_259' title='bbox 1464 2979 1508 3020; x_wconf 80' lang='lat' dir='ltr'><strong>ex</strong></span> <span class='ocrx_word' id='word_1_260' title='bbox 1532 2955 1592 3019; x_wconf 83' lang='lat' dir='ltr'><strong>ode</strong></span> 
     </span>
     <span class='ocr_line' id='line_1_29' title="bbox 251 2995 1590 3133; baseline 0.043 -75"><span class='ocrx_word' id='word_1_261' title='bbox 251 2995 307 3062; x_wconf 79' lang='lat'><strong>28.</strong></span> <span class='ocrx_word' id='word_1_262' title='bbox 330 3004 451 3071; x_wconf 82' lang='lat' dir='ltr'><strong>ossibus</strong></span> <span class='ocrx_word' id='word_1_263' title='bbox 470 3026 505 3076; x_wconf 83' lang='lat' dir='ltr'><strong>et</strong></span> <span class='ocrx_word' id='word_1_264' title='bbox 521 3025 622 3105; x_wconf 84' lang='lat' dir='ltr'><strong>capiti</strong></span> <span class='ocrx_word' id='word_1_265' title='bbox 639 3023 808 3096; x_wconf 77' lang='lat' dir='ltr'><strong>inhumato.</strong></span> <span class='ocrx_word' id='word_1_266' title='bbox 852 3036 918 3101; x_wconf 83' lang='lat' dir='ltr'><strong>Hic</strong></span> <span class='ocrx_word' id='word_1_267' title='bbox 946 3060 1028 3123; x_wconf 80' lang='lat' dir='ltr'><strong>ergo</strong></span> <span class='ocrx_word' id='word_1_268' title='bbox 1052 3042 1223 3109; x_wconf 85' lang='lat' dir='ltr'><strong>Muretus:</strong></span> <span class='ocrx_word' id='word_1_269' title='bbox 1255 3052 1349 3133; x_wconf 84' lang='lat' dir='ltr'><strong>qnasi</strong></span> <span class='ocrx_word' id='word_1_270' title='bbox 1364 3046 1526 3114; x_wconf 81' lang='lat' dir='ltr'><strong>scribatur</strong></span> <span class='ocrx_word' id='word_1_271' title='bbox 1543 3049 1590 3114; x_wconf 87' lang='lat' dir='ltr'><strong>lu&#39;·</strong></span> 
     </span>
     <span class='ocr_line' id='line_1_30' title="bbox 250 3104 1590 3229; baseline 0.051 -68"><span class='ocrx_word' id='word_1_272' title='bbox 250 3104 404 3164; x_wconf 64' lang='lat' dir='ltr'><strong>&#39;tumulltu</strong></span> <span class='ocrx_word' id='word_1_273' title='bbox 448 3108 502 3172; x_wconf 87' lang='lat' dir='ltr'><strong>Ad</strong></span> <span class='ocrx_word' id='word_1_274' title='bbox 522 3111 762 3202; x_wconf 87' lang='lat' dir='ltr'><strong>inscriptionem</strong></span> <span class='ocrx_word' id='word_1_275' title='bbox 787 3130 841 3192; x_wconf 87' lang='lat' dir='ltr'><strong>od.</strong></span> <span class='ocrx_word' id='word_1_276' title='bbox 865 3130 898 3202; x_wconf 80' lang='lat'><strong>6.</strong></span> <span class='ocrx_word' id='word_1_277' title='bbox 934 3130 993 3194; x_wconf 81' lang='lat' dir='ltr'><strong>Aa</strong></span> <span class='ocrx_word' id='word_1_278' title='bbox 1009 3131 1058 3196; x_wconf 90' lang='lat' dir='ltr'><strong>M.</strong></span> <span class='ocrx_word' id='word_1_279' title='bbox 1085 3135 1275 3221; x_wconf 74' lang='lat' dir='ltr'><strong>Vespaniwn</strong></span> <span class='ocrx_word' id='word_1_280' title='bbox 1294 3142 1499 3229; x_wconf 62' lang='lat' dir='ltr'><strong>Agrippam,</strong></span> <span class='ocrx_word' id='word_1_281' title='bbox 1535 3146 1590 3211; x_wconf 61' lang='grc' dir='ltr'><strong>ΠΗ</strong></span> 
     </span>
     <span class='ocr_line' id='line_1_31' title="bbox 248 3185 1591 3307; baseline 0.042 -59"><span class='ocrx_word' id='word_1_282' title='bbox 248 3185 429 3262; x_wconf 79' lang='lat' dir='ltr'><strong>Lambinus</strong></span> <span class='ocrx_word' id='word_1_283' title='bbox 456 3201 500 3267; x_wconf 89' lang='lat' dir='ltr'><strong>ait</strong></span> <span class='ocrx_word' id='word_1_284' title='bbox 526 3208 715 3293; x_wconf 87' lang='lat' dir='ltr'><strong>Vispaniuro</strong></span> <span class='ocrx_word' id='word_1_285' title='bbox 747 3241 862 3284; x_wconf 88' lang='lat' dir='ltr'><strong>nomen</strong></span> <span class='ocrx_word' id='word_1_286' title='bbox 891 3226 1048 3291; x_wconf 86' lang='lat' dir='ltr'><strong>addidisse</strong></span> <span class='ocrx_word' id='word_1_287' title='bbox 1081 3251 1122 3293; x_wconf 83' lang='lat' dir='ltr'><strong>ex</strong></span> <span class='ocrx_word' id='word_1_288' title='bbox 1155 3231 1240 3298; x_wconf 87' lang='lat' dir='ltr'><strong>libro</strong></span> <span class='ocrx_word' id='word_1_289' title='bbox 1270 3235 1411 3302; x_wconf 87' lang='lat' dir='ltr'><strong>Raiuutii</strong></span> <span class='ocrx_word' id='word_1_290' title='bbox 1439 3238 1591 3307; x_wconf 83' lang='lat' dir='ltr'><strong>Farnesii</strong></span> 
     </span>
     <span class='ocr_line' id='line_1_32' title="bbox 251 3277 1590 3424; baseline 0.043 -81"><span class='ocrx_word' id='word_1_291' title='bbox 251 3277 371 3365; x_wconf 70' lang='lat' dir='ltr'><strong>cara,</strong></span> <span class='ocrx_word' id='word_1_292' title='bbox 403 3293 574 3367; x_wconf 82' lang='lat' dir='ltr'><strong>Muretus:</strong></span> <span class='ocrx_word' id='word_1_293' title='bbox 602 3303 739 3373; x_wconf 88' lang='lat' dir='ltr'><strong>Dionem</strong></span> <span class='ocrx_word' id='word_1_294' title='bbox 761 3297 905 3378; x_wconf 68' lang='lat' dir='ltr'><strong>uidelicet</strong></span> <span class='ocrx_word' id='word_1_295' title='bbox 922 3339 986 3380; x_wconf 88' lang='lat' dir='ltr'><strong>non</strong></span> <span class='ocrx_word' id='word_1_296' title='bbox 1007 3318 1144 3407; x_wconf 82' lang='lat' dir='ltr'><strong>legerat,</strong></span> <span class='ocrx_word' id='word_1_297' title='bbox 1172 3345 1271 3413; x_wconf 84' lang='lat' dir='ltr'><strong>neque</strong></span> <span class='ocrx_word' id='word_1_298' title='bbox 1296 3316 1456 3413; x_wconf 81' lang='lat' dir='ltr'><strong>Tacitum,</strong></span> <span class='ocrx_word' id='word_1_299' title='bbox 1488 3357 1590 3424; x_wconf 79' lang='lat' dir='ltr'><strong>neque</strong></span> 
     </span>
     <span class='ocr_line' id='line_1_33' title="bbox 252 3389 1588 3501; baseline 0.038 -57"><span class='ocrx_word' id='word_1_300' title='bbox 252 3420 417 3449; x_wconf 82' lang='lat'><strong>.....</strong></span> <span class='ocrx_word' id='word_1_301' title='bbox 447 3389 575 3459; x_wconf 70' lang='lat' dir='ltr'><strong>viderat.</strong></span> <span class='ocrx_word' id='word_1_302' title='bbox 619 3401 674 3465; x_wconf 88' lang='lat' dir='ltr'><strong>Ad</strong></span> <span class='ocrx_word' id='word_1_303' title='bbox 695 3403 800 3471; x_wconf 88' lang='lat' dir='ltr'><strong>locum</strong></span> <span class='ocrx_word' id='word_1_304' title='bbox 830 3413 885 3499; x_wconf 76' lang='lat' dir='ltr'><strong>od.</strong></span> <span class='ocrx_word' id='word_1_305' title='bbox 910 3414 941 3478; x_wconf 84' lang='lat'><strong>7.</strong></span> <span class='ocrx_word' id='word_1_306' title='bbox 977 3411 1136 3496; x_wconf 9' lang='lat' dir='ltr'><strong>Aldzay&#39;ut</strong></span> <span class='ocrx_word' id='word_1_307' title='bbox 1153 3416 1301 3501; x_wconf 83' lang='lat' dir='ltr'><strong>obscuro,</strong></span> <span class='ocrx_word' id='word_1_308' title='bbox 1330 3425 1385 3488; x_wconf 91' lang='lat' dir='ltr'><strong>ubi</strong></span> <span class='ocrx_word' id='word_1_309' title='bbox 1406 3427 1588 3494; x_wconf 85' lang='lat' dir='ltr'><strong>Lambinus</strong></span> 
     </span>
     <span class='ocr_line' id='line_1_34' title="bbox 250 3475 1584 3604; baseline 0.036 -64"><span class='ocrx_word' id='word_1_310' title='bbox 250 3475 437 3556; x_wconf 72' lang='lat' dir='ltr'><strong>laoudvoroc</strong></span> <span class='ocrx_word' id='word_1_311' title='bbox 457 3498 520 3550; x_wconf 84' lang='lat' dir='ltr'><strong>cet.</strong></span> <span class='ocrx_word' id='word_1_312' title='bbox 556 3491 726 3561; x_wconf 86' lang='lat' dir='ltr'><strong>Muretus:</strong></span> <span class='ocrx_word' id='word_1_313' title='bbox 747 3500 805 3563; x_wconf 83' lang='lat' dir='ltr'><strong>Ea·</strong></span> <span class='ocrx_word' id='word_1_314' title='bbox 817 3503 963 3587; x_wconf 86' lang='lat' dir='ltr'><strong>Luisino,</strong></span> <span class='ocrx_word' id='word_1_315' title='bbox 986 3513 1073 3570; x_wconf 85' lang='lat' dir='ltr'><strong>ouius</strong></span> <span class='ocrx_word' id='word_1_316' title='bbox 1095 3507 1205 3574; x_wconf 72' lang='lat' dir='ltr'><strong>librum</strong></span> <span class='ocrx_word' id='word_1_317' title='bbox 1224 3510 1267 3575; x_wconf 88' lang='lat' dir='ltr'><strong>ab</strong></span> <span class='ocrx_word' id='word_1_318' title='bbox 1286 3513 1347 3578; x_wconf 81' lang='lat' dir='ltr'><strong>hoo</strong></span> <span class='ocrx_word' id='word_1_319' title='bbox 1367 3516 1482 3584; x_wconf 59' lang='lat' dir='ltr'><strong>bomne</strong></span> <span class='ocrx_word' id='word_1_320' title='bbox 1503 3546 1584 3604; x_wconf 80' lang='lat' dir='ltr'><strong>osse,</strong></span> 
     </span>
     <span class='ocr_line' id='line_1_35' title="bbox 249 3568 1586 3690; baseline 0.042 -62"><span class='ocrx_word' id='word_1_321' title='bbox 249 3569 329 3629; x_wconf 73' lang='lat' dir='ltr'><strong>tatas</strong></span> <span class='ocrx_word' id='word_1_322' title='bbox 348 3568 476 3639; x_wconf 71' lang='lat' dir='ltr'><strong>aliunde</strong></span> <span class='ocrx_word' id='word_1_323' title='bbox 497 3595 635 3666; x_wconf 83' lang='lat' dir='ltr'><strong>constat,</strong></span> <span class='ocrx_word' id='word_1_324' title='bbox 659 3602 695 3652; x_wconf 88' lang='lat' dir='ltr'><strong>ut</strong></span> <span class='ocrx_word' id='word_1_325' title='bbox 712 3614 755 3655; x_wconf 80' lang='lat' dir='ltr'><strong>ea</strong></span> <span class='ocrx_word' id='word_1_326' title='bbox 775 3593 815 3658; x_wconf 85' lang='lat' dir='ltr'><strong>ill</strong></span> <span class='ocrx_word' id='word_1_327' title='bbox 854 3596 943 3661; x_wconf 83' lang='lat' dir='ltr'><strong>loeo:</strong></span> <span class='ocrx_word' id='word_1_328' title='bbox 963 3622 1022 3665; x_wconf 84' lang='lat' dir='ltr'><strong>nce</strong></span> <span class='ocrx_word' id='word_1_329' title='bbox 1035 3598 1134 3690; x_wconf 78' lang='lat' dir='ltr'><strong>regna</strong></span> <span class='ocrx_word' id='word_1_330' title='bbox 1148 3610 1213 3670; x_wconf 72' lang='lat' dir='ltr'><strong>orbi</strong></span> <span class='ocrx_word' id='word_1_331' title='bbox 1223 3613 1354 3673; x_wconf 70' lang='lat' dir='ltr'><strong>sorbers</strong></span> <span class='ocrx_word' id='word_1_332' title='bbox 1368 3611 1451 3678; x_wconf 65' lang='lat' dir='ltr'><strong>tadu.</strong></span> <span class='ocrx_word' id='word_1_333' title='bbox 1487 3619 1586 3683; x_wconf 89' lang='lat' dir='ltr'><strong>Initio</strong></span> 
     </span>
     <span class='ocr_line' id='line_1_36' title="bbox 247 3671 1589 3774; baseline 0.039 -52"><span class='ocrx_word' id='word_1_334' title='bbox 247 3671 468 3749; x_wconf 84' lang='lat' dir='ltr'><strong>commentarii</strong></span> <span class='ocrx_word' id='word_1_335' title='bbox 495 3674 529 3738; x_wconf 91' lang='lat' dir='ltr'><strong>iu</strong></span> <span class='ocrx_word' id='word_1_336' title='bbox 557 3683 638 3744; x_wconf 91' lang='lat' dir='ltr'><strong>oden</strong></span> <span class='ocrx_word' id='word_1_337' title='bbox 657 3686 715 3755; x_wconf 80' lang='grc'><strong>11.</strong></span> <span class='ocrx_word' id='word_1_338' title='bbox 741 3689 869 3772; x_wconf 89' lang='lat' dir='ltr'><strong>scripsit</strong></span> <span class='ocrx_word' id='word_1_339' title='bbox 890 3696 1066 3760; x_wconf 88' lang='lat' dir='ltr'><strong>Lambinus</strong></span> <span class='ocrx_word' id='word_1_340' title='bbox 1095 3721 1203 3763; x_wconf 80' lang='lat' dir='ltr'><strong>omnes</strong></span> <span class='ocrx_word' id='word_1_341' title='bbox 1229 3748 1391 3771; x_wconf 90' lang='grc'><strong>.....</strong></span> <span class='ocrx_word' id='word_1_342' title='bbox 1420 3716 1589 3774; x_wconf 71' lang='lat' dir='ltr'><strong>comanente</strong></span> 
     </span>
     <span class='ocr_line' id='line_1_37' title="bbox 249 3752 1590 3877; baseline 0.04 -61"><span class='ocrx_word' id='word_1_343' title='bbox 249 3752 553 3854; x_wconf 76' lang='lat' dir='ltr'><strong>leguntSeireneJas.</strong></span> <span class='ocrx_word' id='word_1_344' title='bbox 578 3775 749 3846; x_wconf 83' lang='lat' dir='ltr'><strong>Muretus:</strong></span> <span class='ocrx_word' id='word_1_345' title='bbox 765 3804 829 3847; x_wconf 88' lang='lat' dir='ltr'><strong>non</strong></span> <span class='ocrx_word' id='word_1_346' title='bbox 836 3799 928 3871; x_wconf 86' lang='lat' dir='ltr'><strong>pato.</strong></span> <span class='ocrx_word' id='word_1_347' title='bbox 952 3789 1082 3854; x_wconf 86' lang='lat' dir='ltr'><strong>initium</strong></span> <span class='ocrx_word' id='word_1_348' title='bbox 1095 3799 1255 3877; x_wconf 82' lang='lat' dir='ltr'><strong>sequentis</strong></span> <span class='ocrx_word' id='word_1_349' title='bbox 1268 3799 1417 3865; x_wconf 84' lang='lat' dir='ltr'><strong>carminis</strong></span> <span class='ocrx_word' id='word_1_350' title='bbox 1430 3804 1474 3865; x_wconf 87' lang='lat' dir='ltr'><strong>ait</strong></span> <span class='ocrx_word' id='word_1_351' title='bbox 1487 3807 1590 3870; x_wconf 79' lang='lat' dir='ltr'><strong>Lam·</strong></span> 
     </span>
     <span class='ocr_line' id='line_1_38' title="bbox 247 3850 1588 3977; baseline 0.051 -66"><span class='ocrx_word' id='word_1_352' title='bbox 247 3850 339 3915; x_wconf 90' lang='lat' dir='ltr'><strong>binus</strong></span> <span class='ocrx_word' id='word_1_353' title='bbox 369 3856 472 3924; x_wconf 84' lang='lat' dir='ltr'><strong>videri</strong></span> <span class='ocrx_word' id='word_1_354' title='bbox 499 3885 540 3927; x_wconf 84' lang='lat' dir='ltr'><strong>cx</strong></span> <span class='ocrx_word' id='word_1_355' title='bbox 563 3868 706 3938; x_wconf 86' lang='lat' dir='ltr'><strong>Pindaro</strong></span> <span class='ocrx_word' id='word_1_356' title='bbox 728 3898 931 3957; x_wconf 80' lang='lat' dir='ltr'><strong>expressum,</strong></span> <span class='ocrx_word' id='word_1_357' title='bbox 962 3882 1207 3973; x_wconf 69' lang='lat' dir='ltr'><strong>quodquidam,</strong></span> <span class='ocrx_word' id='word_1_358' title='bbox 1237 3889 1356 3977; x_wconf 82' lang='lat' dir='ltr'><strong>inquit,</strong></span> <span class='ocrx_word' id='word_1_359' title='bbox 1382 3906 1416 3957; x_wconf 68' lang='lat'><strong>‘³⁸</strong></span> <span class='ocrx_word' id='word_1_360' title='bbox 1438 3896 1588 3961; x_wconf 63' lang='lat' dir='ltr'><strong>Mfflw</strong></span> 
     </span>
     <span class='ocr_line' id='line_1_39' title="bbox 244 3953 1584 4070; baseline 0.034 -59"><span class='ocrx_word' id='word_1_361' title='bbox 244 3963 365 4030; x_wconf 73' lang='lat' dir='ltr'><strong>nuper,</strong></span> <span class='ocrx_word' id='word_1_362' title='bbox 395 3964 429 4014; x_wconf 87' lang='lat' dir='ltr'><strong>ct</strong></span> <span class='ocrx_word' id='word_1_363' title='bbox 446 3953 506 4019; x_wconf 86' lang='lat' dir='ltr'><strong>alii</strong></span> <span class='ocrx_word' id='word_1_364' title='bbox 523 3963 711 4047; x_wconf 84' lang='lat' dir='ltr'><strong>iampridem</strong></span> <span class='ocrx_word' id='word_1_365' title='bbox 731 3968 930 4039; x_wconf 81' lang='lat' dir='ltr'><strong>adnotarunt</strong></span> <span class='ocrx_word' id='word_1_366' title='bbox 973 3980 1146 4044; x_wconf 86' lang='lat' dir='ltr'><strong>Muretus:</strong></span> <span class='ocrx_word' id='word_1_367' title='bbox 1177 3985 1256 4070; x_wconf 72' lang='lat' dir='ltr'><strong>qui?</strong></span> <span class='ocrx_word' id='word_1_368' title='bbox 1282 3986 1422 4052; x_wconf 88' lang='lat' dir='ltr'><strong>indicans</strong></span> <span class='ocrx_word' id='word_1_369' title='bbox 1444 3992 1584 4068; x_wconf 84' lang='lat' dir='ltr'><strong>scilicet,</strong></span> 
     </span>
     <span class='ocr_line' id='line_1_40' title="bbox 245 4040 1583 4151; baseline 0.036 -50"><span class='ocrx_word' id='word_1_370' title='bbox 245 4040 365 4105; x_wconf 90' lang='lat' dir='ltr'><strong>nullum</strong></span> <span class='ocrx_word' id='word_1_371' title='bbox 396 4062 525 4128; x_wconf 85' lang='lat' dir='ltr'><strong>praeter</strong></span> <span class='ocrx_word' id='word_1_372' title='bbox 556 4077 591 4119; x_wconf 88' lang='lat' dir='ltr'><strong>se</strong></span> <span class='ocrx_word' id='word_1_373' title='bbox 623 4059 702 4124; x_wconf 91' lang='lat' dir='ltr'><strong>illud</strong></span> <span class='ocrx_word' id='word_1_374' title='bbox 734 4065 1006 4135; x_wconf 87' lang='lat' dir='ltr'><strong>animadvertisse.</strong></span> <span class='ocrx_word' id='word_1_375' title='bbox 1059 4076 1113 4137; x_wconf 85' lang='lat' dir='ltr'><strong>Ad</strong></span> <span class='ocrx_word' id='word_1_376' title='bbox 1145 4081 1407 4144; x_wconf 86' lang='lat' dir='ltr'><strong>commentarium</strong></span> <span class='ocrx_word' id='word_1_377' title='bbox 1438 4088 1495 4150; x_wconf 91' lang='lat' dir='ltr'><strong>od.</strong></span> <span class='ocrx_word' id='word_1_378' title='bbox 1529 4088 1583 4151; x_wconf 79' lang='grc'><strong>20.</strong></span> 
     </span>
     <span class='ocr_line' id='line_1_41' title="bbox 247 4133 1588 4243; baseline 0.036 -48"><span class='ocrx_word' id='word_1_379' title='bbox 247 4133 473 4204; x_wconf 86' lang='lat' dir='ltr'><strong>soloecismum</strong></span> <span class='ocrx_word' id='word_1_380' title='bbox 502 4159 611 4215; x_wconf 86' lang='lat' dir='ltr'><strong>notat:</strong></span> <span class='ocrx_word' id='word_1_381' title='bbox 647 4176 717 4218; x_wconf 84' lang='lat' dir='ltr'><strong>narn</strong></span> <span class='ocrx_word' id='word_1_382' title='bbox 747 4158 874 4241; x_wconf 86' lang='lat' dir='ltr'><strong>scripsit</strong></span> <span class='ocrx_word' id='word_1_383' title='bbox 901 4164 1078 4230; x_wconf 81' lang='lat' dir='ltr'><strong>Lambinus</strong></span> <span class='ocrx_word' id='word_1_384' title='bbox 1108 4174 1209 4233; x_wconf 78' lang='lat' dir='ltr'><strong>urnam</strong></span> <span class='ocrx_word' id='word_1_385' title='bbox 1235 4170 1384 4236; x_wconf 82' lang='lat' dir='ltr'><strong>Calenam</strong></span> <span class='ocrx_word' id='word_1_386' title='bbox 1413 4179 1588 4243; x_wconf 74' lang='lat' dir='ltr'><strong>ventriculo</strong></span> 
     </span>
     <span class='ocr_line' id='line_1_42' title="bbox 246 4224 1585 4349; baseline 0.035 -58"><span class='ocrx_word' id='word_1_387' title='bbox 246 4224 473 4319; x_wconf 70' lang='lat' dir='ltr'><strong>utiliorquam</strong></span> <span class='ocrx_word' id='word_1_388' title='bbox 494 4236 664 4307; x_wconf 86' lang='lat' dir='ltr'><strong>Falernum</strong></span> <span class='ocrx_word' id='word_1_389' title='bbox 671 4270 685 4326; x_wconf 89' lang='lat'><em>;</em></span> <span class='ocrx_word' id='word_1_390' title='bbox 720 4251 893 4319; x_wconf 82' lang='lat' dir='ltr'><strong>Muretus:</strong></span> <span class='ocrx_word' id='word_1_391' title='bbox 923 4269 1015 4337; x_wconf 86' lang='lat' dir='ltr'><strong>nota,</strong></span> <span class='ocrx_word' id='word_1_392' title='bbox 1047 4260 1134 4349; x_wconf 82' lang='lat' dir='ltr'><strong>qaod</strong></span> <span class='ocrx_word' id='word_1_393' title='bbox 1148 4268 1259 4328; x_wconf 52' lang='lat' dir='ltr'><strong>&gt;vinum</strong></span> <span class='ocrx_word' id='word_1_394' title='bbox 1284 4265 1432 4332; x_wconf 83' lang='lat' dir='ltr'><strong>Calenum</strong></span> <span class='ocrx_word' id='word_1_395' title='bbox 1454 4284 1506 4335; x_wconf 86' lang='lat' dir='ltr'><strong>est</strong></span> <span class='ocrx_word' id='word_1_396' title='bbox 1525 4280 1585 4337; x_wconf 81' lang='lat' dir='ltr'><strong>uti-</strong></span> 
     </span>
     <span class='ocr_line' id='line_1_43' title="bbox 246 4316 1583 4443; baseline 0.04 -65"><span class='ocrx_word' id='word_1_397' title='bbox 246 4316 309 4381; x_wconf 87' lang='lat' dir='ltr'><strong>lior</strong></span> <span class='ocrx_word' id='word_1_398' title='bbox 341 4346 435 4411; x_wconf 82' lang='lat' dir='ltr'><strong>quam</strong></span> <span class='ocrx_word' id='word_1_399' title='bbox 463 4329 656 4420; x_wconf 65' lang='lat' dir='ltr'><strong>Fabiorum,-</strong></span> <span class='ocrx_word' id='word_1_400' title='bbox 689 4348 775 4428; x_wconf 89' lang='lat' dir='ltr'><strong>quod</strong></span> <span class='ocrx_word' id='word_1_401' title='bbox 805 4348 929 4430; x_wconf 85' lang='lat' dir='ltr'><strong>quidem</strong></span> <span class='ocrx_word' id='word_1_402' title='bbox 960 4353 1060 4417; x_wconf 88' lang='lat' dir='ltr'><strong>miror</strong></span> <span class='ocrx_word' id='word_1_403' title='bbox 1094 4354 1125 4418; x_wconf 89' lang='lat' dir='ltr'><strong>in</strong></span> <span class='ocrx_word' id='word_1_404' title='bbox 1154 4362 1360 4443; x_wconf 86' lang='lat' dir='ltr'><strong>sequentibus</strong></span> <span class='ocrx_word' id='word_1_405' title='bbox 1387 4366 1583 4432; x_wconf 86' lang='lat' dir='ltr'><strong>editionibus</strong></span> 
     </span>
     <span class='ocr_line' id='line_1_44' title="bbox 244 4415 1582 4538; baseline 0.034 -57"><span class='ocrx_word' id='word_1_406' title='bbox 244 4415 339 4481; x_wconf 83' lang='lat' dir='ltr'><strong>etiarn</strong></span> <span class='ocrx_word' id='word_1_407' title='bbox 369 4423 463 4489; x_wconf 90' lang='lat' dir='ltr'><strong>Bruti</strong></span> <span class='ocrx_word' id='word_1_408' title='bbox 491 4435 720 4501; x_wconf 78' lang='lat' dir='ltr'><strong>remansisse.³</strong></span> <span class='ocrx_word' id='word_1_409' title='bbox 761 4444 818 4506; x_wconf 86' lang='lat' dir='ltr'><strong>Ad</strong></span> <span class='ocrx_word' id='word_1_410' title='bbox 845 4447 899 4506; x_wconf 88' lang='lat' dir='ltr'><strong>od.</strong></span> <span class='ocrx_word' id='word_1_411' title='bbox 923 4446 977 4510; x_wconf 80' lang='lat'><strong>38.</strong></span> <span class='ocrx_word' id='word_1_412' title='bbox 1008 4448 1087 4512; x_wconf 90' lang='lat' dir='ltr'><strong>illud</strong></span> <span class='ocrx_word' id='word_1_413' title='bbox 1113 4448 1239 4513; x_wconf 81' lang='lat' dir='ltr'><strong>sedulas</strong></span> <span class='ocrx_word' id='word_1_414' title='bbox 1266 4477 1358 4534; x_wconf 87' lang='lat' dir='ltr'><strong>curo,</strong></span> <span class='ocrx_word' id='word_1_415' title='bbox 1388 4460 1582 4538; x_wconf 81' lang='lat' dir='ltr'><strong>Lambinus,</strong></span> 
     </span>
    </p>
   </div>
   <div class='ocr_carea' id='block_1_3' title="bbox 118 4507 1584 4856">
    <p class='ocr_par' dir='ltr' id='par_1_3' title="bbox 118 4507 1584 4856">
     <span class='ocr_line' id='line_1_45' title="bbox 245 4507 1583 4639; baseline 0.036 -71"><span class='ocrx_word' id='word_1_416' title='bbox 245 4507 324 4572; x_wconf 83' lang='lat' dir='ltr'><strong>ordo</strong></span> <span class='ocrx_word' id='word_1_417' title='bbox 346 4527 396 4577; x_wconf 87' lang='lat' dir='ltr'><strong>est</strong></span> <span class='ocrx_word' id='word_1_418' title='bbox 413 4516 522 4582; x_wconf 83' lang='lat' dir='ltr'><strong>sedulo</strong></span> <span class='ocrx_word' id='word_1_419' title='bbox 543 4545 638 4606; x_wconf 60' lang='grc' dir='ltr'><em>ουτος</em></span> <span class='ocrx_word' id='word_1_420' title='bbox 666 4531 836 4601; x_wconf 82' lang='lat' dir='ltr'><strong>Muretusz</strong></span> <span class='ocrx_word' id='word_1_421' title='bbox 868 4542 930 4600; x_wconf 85' lang='lat' dir='ltr'><strong>imo</strong></span> <span class='ocrx_word' id='word_1_422' title='bbox 959 4538 1041 4602; x_wconf 77' lang='lat' dir='ltr'><strong>illud</strong></span> <span class='ocrx_word' id='word_1_423' title='bbox 1066 4541 1192 4606; x_wconf 85' lang='lat' dir='ltr'><strong>sedulus</strong></span> <span class='ocrx_word' id='word_1_424' title='bbox 1219 4546 1356 4631; x_wconf 73' lang='lat' dir='ltr'><strong>refertur</strong></span> <span class='ocrx_word' id='word_1_425' title='bbox 1373 4548 1421 4612; x_wconf 83' lang='lat' dir='ltr'><strong>ad</strong></span> <span class='ocrx_word' id='word_1_426' title='bbox 1432 4574 1583 4639; x_wconf 72' lang='lat' dir='ltr'><strong>puerunt.</strong></span> 
     </span>
     <span class='ocr_line' id='line_1_46' title="bbox 118 4612 1584 4775; baseline 0.036 -60"><span class='ocrx_word' id='word_1_427' title='bbox 118 4612 121 4619; x_wconf 21' lang='lat'>²</span> <span class='ocrx_word' id='word_1_428' title='bbox 281 4671 311 4733; x_wconf 89' lang='lat'><strong>1)</strong></span> <span class='ocrx_word' id='word_1_429' title='bbox 339 4670 409 4723; x_wconf 81' lang='lat' dir='ltr'><strong>Vide</strong></span> <span class='ocrx_word' id='word_1_430' title='bbox 428 4691 456 4725; x_wconf 84' lang='lat' dir='ltr'><strong>et</strong></span> <span class='ocrx_word' id='word_1_431' title='bbox 474 4676 575 4735; x_wconf 86' lang='lat' dir='ltr'><strong>Balllet</strong></span> <span class='ocrx_word' id='word_1_432' title='bbox 595 4687 623 4735; x_wconf 89' lang='lat' dir='ltr'><strong>in</strong></span> <span class='ocrx_word' id='word_1_433' title='bbox 644 4686 795 4743; x_wconf 73' lang='lat' dir='ltr'><strong>(iratumne.</strong></span> <span class='ocrx_word' id='word_1_434' title='bbox 817 4711 894 4751; x_wconf 83' lang='lat' dir='ltr'><strong>num.</strong></span> <span class='ocrx_word' id='word_1_435' title='bbox 915 4702 979 4757; x_wconf 76' lang='lat'>377.</span> <span class='ocrx_word' id='word_1_436' title='bbox 999 4728 1037 4742; x_wconf 96' lang='lat'><em>-</em></span> <span class='ocrx_word' id='word_1_437' title='bbox 1062 4700 1092 4775; x_wconf 88' lang='lat'><strong>2)</strong></span> <span class='ocrx_word' id='word_1_438' title='bbox 1112 4704 1238 4773; x_wconf 77' lang='lat' dir='ltr'><strong>Lugduni</strong></span> <span class='ocrx_word' id='word_1_439' title='bbox 1258 4708 1330 4775; x_wconf 87' lang='lat' dir='ltr'><strong>apud</strong></span> <span class='ocrx_word' id='word_1_440' title='bbox 1352 4711 1487 4764; x_wconf 78' lang='lat' dir='ltr'><strong>loannem</strong></span> <span class='ocrx_word' id='word_1_441' title='bbox 1505 4714 1584 4767; x_wconf 83' lang='lat' dir='ltr'><strong>Tor·</strong></span> 
     </span>
     <span class='ocr_line' id='line_1_47' title="bbox 242 4746 1583 4856; baseline 0.043 -65"><span class='ocrx_word' id='word_1_442' title='bbox 242 4746 369 4795; x_wconf 82' lang='lat' dir='ltr'><strong>aaesiunr</strong></span> <span class='ocrx_word' id='word_1_443' title='bbox 389 4747 521 4806; x_wconf 77' lang='lat' dir='ltr'><strong>Mntxt.</strong></span> <span class='ocrx_word' id='word_1_444' title='bbox 545 4784 574 4797; x_wconf 88' lang='lat'><strong>·-</strong></span> <span class='ocrx_word' id='word_1_445' title='bbox 597 4756 628 4829; x_wconf 74' lang='grc' dir='ltr'><strong>ὅ)</strong></span> <span class='ocrx_word' id='word_1_446' title='bbox 649 4762 815 4835; x_wconf 64' lang='grc' dir='ltr'><strong>(ΣοποιιωιηΙ</strong></span> <span class='ocrx_word' id='word_1_447' title='bbox 831 4786 925 4839; x_wconf 83' lang='lat' dir='ltr'><strong>postea</strong></span> <span class='ocrx_word' id='word_1_448' title='bbox 945 4777 1002 4827; x_wconf 78' lang='lat' dir='ltr'><strong>ridi</strong></span> <span class='ocrx_word' id='word_1_449' title='bbox 1024 4780 1053 4829; x_wconf 89' lang='lat' dir='ltr'><strong>in</strong></span> <span class='ocrx_word' id='word_1_450' title='bbox 1071 4775 1138 4831; x_wconf 83' lang='lat' dir='ltr'><strong>edit.</strong></span> <span class='ocrx_word' id='word_1_451' title='bbox 1158 4780 1245 4836; x_wconf 86' lang='lat' dir='ltr'><strong>Paris.</strong></span> <span class='ocrx_word' id='word_1_452' title='bbox 1265 4784 1349 4841; x_wconf 81' lang='lat'><strong>1567.</strong></span> <span class='ocrx_word' id='word_1_453' title='bbox 1369 4803 1433 4856; x_wconf 69' lang='lat' dir='ltr'><strong>pag·</strong></span> <span class='ocrx_word' id='word_1_454' title='bbox 1452 4789 1511 4853; x_wconf 78' lang='lat'><strong>59..</strong></span> <span class='ocrx_word' id='word_1_455' title='bbox 1533 4789 1583 4843; x_wconf 73' lang='lat' dir='ltr'><strong>obi</strong></span> 
     </span>
    </p>
   </div>
   <div class='ocr_carea' id='block_1_4' title="bbox 241 4824 1580 4937">
    <p class='ocr_par' dir='ltr' id='par_1_4' title="bbox 241 4824 1580 4937">
     <span class='ocr_line' id='line_1_48' title="bbox 241 4824 1580 4937; baseline 0.04 -68"><span class='ocrx_word' id='word_1_456' title='bbox 241 4832 333 4870; x_wconf 79' lang='lat' dir='ltr'><strong>tanuen</strong></span> <span class='ocrx_word' id='word_1_457' title='bbox 360 4824 469 4891; x_wconf 74' lang='lat' dir='ltr'><strong>insigne</strong></span> <span class='ocrx_word' id='word_1_458' title='bbox 495 4844 535 4882; x_wconf 79' lang='lat' dir='ltr'><strong>esu</strong></span> <span class='ocrx_word' id='word_1_459' title='bbox 563 4837 726 4906; x_wconf 72' lang='lat' dir='ltr'><strong>typographi</strong></span> <span class='ocrx_word' id='word_1_460' title='bbox 752 4858 874 4896; x_wconf 85' lang='lat' dir='ltr'><strong>erratum</strong></span> <span class='ocrx_word' id='word_1_461' title='bbox 899 4851 930 4900; x_wconf 89' lang='lat' dir='ltr'><strong>ln</strong></span> <span class='ocrx_word' id='word_1_462' title='bbox 955 4852 1072 4922; x_wconf 86' lang='lat' dir='ltr'><strong>epistola</strong></span> <span class='ocrx_word' id='word_1_463' title='bbox 1097 4852 1215 4909; x_wconf 86' lang='lat' dir='ltr'><strong>dedicat.</strong></span> <span class='ocrx_word' id='word_1_464' title='bbox 1259 4857 1362 4913; x_wconf 81' lang='lat' dir='ltr'><strong>carolo</strong></span> <span class='ocrx_word' id='word_1_465' title='bbox 1382 4860 1451 4933; x_wconf 64' lang='lat' dir='ltr'><strong>tx„</strong></span> <span class='ocrx_word' id='word_1_466' title='bbox 1477 4868 1506 4918; x_wconf 90' lang='lat' dir='ltr'><strong>ln</strong></span> <span class='ocrx_word' id='word_1_467' title='bbox 1525 4879 1580 4937; x_wconf 74' lang='lat' dir='ltr'><strong>qut</strong></span> 
     </span>
    </p>
   </div>
   <div class='ocr_carea' id='block_1_5' title="bbox 148 4888 618 4965">
    <p class='ocr_par' dir='ltr' id='par_1_5' title="bbox 148 4888 618 4965">
     <span class='ocr_line' id='line_1_49' title="bbox 148 4888 618 4965; baseline 0.049 -28"><span class='ocrx_word' id='word_1_468' title='bbox 148 4888 155 4921; x_wconf 81' lang='lat'>¹</span> <span class='ocrx_word' id='word_1_469' title='bbox 240 4910 329 4948; x_wconf 78' lang='lat' dir='ltr'><strong>arruns</strong></span> <span class='ocrx_word' id='word_1_470' title='bbox 348 4896 515 4955; x_wconf 82' lang='lat' dir='ltr'><strong>adscribitur</strong></span> <span class='ocrx_word' id='word_1_471' title='bbox 537 4909 618 4965; x_wconf 77' lang='grc'><strong>1511.</strong></span> 
     </span>
    </p>
   </div>
   <div class='ocr_carea' id='block_1_6' title="bbox 0 0 1670 5588">
    <p class='ocr_par' dir='ltr' id='par_1_6' title="bbox 0 0 1670 5588">
     <span class='ocr_line' id='line_1_50' title="bbox 0 0 1670 5588; baseline 0 7"><span class='ocrx_word' id='word_1_472' title='bbox 0 0 1670 5588; x_wconf 95' lang='lat' dir='ltr'><strong> </strong></span> 
     </span>
    </p>
   </div>
  </div>
 </body>
</html>
