3322 5578
631 323 871 391 utsrotua.
1034 286 1038 297 ’
1255 360 1257 367 1
1374 323 1415 387 m
1530 270 1533 276 ¹

190 498 300 563 Anno
323 493 426 560 Urbis
449 468 875 561 Dememorans
893 447 1010 560 XXX.
1033 515 1122 558 eoas.
1134 490 1294 587 suerunt

146 641 197 713 Il.
236 636 412 715 lUNIUS
446 636 1086 827 BRU'sUiiviiiphlpSAffllfflUS
1120 627 1337 716 LEPIDUS

152 909 235 973 Hos
263 909 414 972 consules
438 930 479 972 ex
504 908 691 993 interregno
719 907 825 971 iniisse
855 920 1043 993 argumento
1065 919 1115 971 est
1140 908 1244 972 oratio
1269 909 1413 994 Philippi

73 1006 152 1086 apud
178 1004 379 1079 Salustium,
410 1003 492 1066 inter
516 1004 694 1088 fragmenta
722 1002 779 1066 lib.
807 1003 836 1066 Ι.
865 1003 999 1066 bistone
1030 1007 1068 1066 de
1092 1005 1207 1087 quibus
1233 1002 1352 1069 Cicero
1382 1005 1414 1067 in

73 1100 171 1162 Bruto
195 1119 276 1180 cap.
293 1100 347 1160 ll.
370 1096 597 1189 Rademfere
616 1099 828 1183 temporibus
847 1101 894 1163 D.
909 1100 1058 1173 Brutus,
1081 1097 1113 1161 ia
1130 1098 1190 1182 qui
1204 1101 1416 1164 consulerem

72 1193 262 1257 Mamerco
270 1189 378 1282 suit,
401 1193 505 1255 homo
526 1203 559 1255 et
573 1194 717 1257 Graecis
736 1194 857 1256 doctos
875 1191 1001 1256 litteris
1023 1204 1056 1257 et
1068 1190 1218 1256 Latinis.
1255 1195 1417 1261 Mamerci
1493 1186 1496 1197 ’

74 1285 203 1349 Aemilii
219 1285 359 1368 Lepidi,
383 1285 541 1362 consulis,
567 1287 705 1350 meminit
720 1287 871 1369 Valerius
890 1287 947 1349 lib.
962 1287 1044 1350 Vll.
1069 1308 1141 1368 cap.
1160 1290 1190 1348 l.
1212 1288 1299 1371 ,Hoc
1314 1312 1411 1368 atino,

76 1402 140 1442 eum
154 1382 227 1444 dtro
244 1383 396 1443 consules
412 1378 576 1443 clarissimi
591 1379 823 1463 fortissimique
838 1391 956 1454 essent,
975 1381 1161 1463 Pompeius,
1186 1381 1288 1445 adhue
1303 1402 1413 1470 eques,

80 1486 181 1538 corba
205 1475 391 1538 Sertorium
415 1476 454 1536 ad
474 1474 590 1537 bellum
617 1474 785 1537 maximum
804 1470 1232 1559 formidolosissimtunque,'
1251 1499 1345 1542 arrasa
1368 1482 1413 1544 L.

83 1567 236 1651 Philippi,
262 1569 479 1650 proconsule
503 1569 613 1631 missus
637 1580 697 1632 est.
742 1569 816 1648 Quo
839 1566 963 1651 quidem
983 1580 1129 1650 tempore
1151 1594 1220 1634 cum
1243 1585 1327 1634 esset
1349 1594 1414 1638 non

83 1684 161 1727 remo
184 1662 372 1738 incenato,
405 1663 459 1748 qui
481 1662 601 1726 diceret
623 1685 687 1725 non
710 1674 863 1744 oportere
890 1660 966 1724 mitti
990 1662 1148 1726 hominem
1168 1665 1328 1747 privatum
1352 1670 1416 1751 prd
1531 1704 1536 1709 ·

78 1758 224 1831 consule,
258 1752 430 1838 Philippus
460 1756 575 1819 dixisse
607 1755 741 1831 dicitur,
778 1759 860 1821 Non
889 1779 925 1819 se
950 1756 1134 1819 illumatio
1157 1761 1415 1844 sententiapro

74 1853 231 1925 consule,
257 1849 321 1913 scd
333 1872 402 1933 pro
422 1851 618 1914 eonsrelibua
640 1852 793 1914 nrittere.'
819 1850 936 1916 Cicero
945 1850 986 1913 :in
1000 1852 1174 1915 Maniliana
1193 1875 1224 1916 e.
1237 1856 1292 1920 21.
1325 1857 1414 1921 ldem

77 1946 220 2028 Philipp.
240 1945 309 2008 ΧΙ.
334 1967 407 2027 cap.
424 1946 456 2009 8.
501 1947 663 2029 Pompeio
683 1946 925 2011 Sertorianum
941 1946 1066 2011 bellurn
1088 1969 1111 2008 a
1133 1960 1257 2011 aenam
1275 1950 1415 2032 privato

75 2040 192 2103 dotum
213 2051 289 2112 est5
319 2062 398 2103 cnm
419 2043 460 2104 L.
484 2041 662 2123 Philippus
681 2064 749 2124 pro
769 2041 967 2104 concidibus
991 2062 1026 2103 se
1049 2063 1128 2117 euin
1148 2042 1283 2106 mittere
1306 2045 1412 2121 dixit,

74 2154 138 2196 non
160 2156 236 2217 pro
261 2136 412 2196 consule.
458 2133 576 2198 Scribit
602 2132 683 2220 idem
712 2136 903 2205 Plutarchus
932 2134 963 2197 in
996 2134 1166 2217 Pompeio.
1213 2134 1413 2221 Comparate

75 2228 217 2291 exercitu
240 2229 369 2301 hostes,
401 2227 432 2290 in
461 2227 642 2291 cervicibus
674 2229 732 2291 iam
757 2228 866 2292 Italiae
891 2240 1038 2311 agentes,
1072 2232 1111 2290 ab
1135 2228 1274 2312 Alpibus
1299 2232 1329 2294 ih
1353 2233 1415 2297 Hi·

75 2322 215 2403 spaniam
242 2318 409 2384 submovit
433 2321 633 2406 Galliamque
657 2322 795 2404 recepit,
837 2334 871 2384 ut
897 2321 965 2402 ipse
992 2325 1074 2404 apud
1101 2322 1268 2385 Salustium
1293 2325 1414 2411 fragm.

79 2414 129 2477 lib.
154 2415 226 2478 ΙΙΙ.
253 2415 371 2493 histpr.
395 2417 434 2476 ad
456 2425 596 2477 senatum
618 2417 740 2479 scribit.
779 2417 869 2481 Unde
886 2413 1004 2478 Cicero
1025 2415 1055 2478 in
1072 2416 1247 2480 Maniliana
1270 2441 1341 2501 erp.
1361 2423 1413 2484 ll.

83 2511 135 2583 ait,
157 2509 353 2591 Pompeium
376 2532 437 2591 per
456 2509 592 2573 Galliam
615 2509 794 2594 legionibus
816 2507 969 2573 Romanis
988 2509 1018 2570 in
1043 2510 1229 2592 Hispaniam
1253 2511 1314 2576 iter
1334 2514 1413 2577 Gal·

89 2603 177 2667 lorum
199 2604 422 2668 internecione
448 2604 649 2688 patefecisse.
1240 2662 1249 2677 ,

155 2700 286 2763 Eodem
310 2699 373 2761 hoe
397 2719 479 2762 anno
504 2699 557 2762 M.
582 2686 764 2778 Tullins‘se
784 2698 913 2782 recepit
934 2720 951 2762 e
982 2698 1136 2776 Graecia,
1167 2698 1296 2766 biennio
1321 2714 1413 2785 post,

79 2815 165 2877 qnam
196 2814 240 2858 eo
272 2792 440 2875 proiectus
470 2806 557 2868 erat,
590 2815 653 2856 non
676 2795 772 2857 modo
797 2793 1019 2868 exercitatior,
1050 2796 1106 2856 sed
1130 2816 1236 2877 prope
1263 2809 1413 2862 mutatus.

77 2889 153 2951 llam
176 2900 210 2951 et
233 2886 400 2950 contentio
423 2884 515 2949 nimia
538 2888 629 2951 vocis
652 2889 813 2950 resederat
836 2898 868 2950 et
892 2888 981 2971 quasi
1006 2887 1190 2951 delerverat
1212 2890 1336 2967 oratio;
1367 2891 1415 2956 la·

75 2983 262 3066 terihusque
290 2980 373 3043 vires
403 2993 434 3043 et
462 2980 613 3064 eorporis
643 2981 811 3046 mediocris
839 2982 963 3045 babitus
990 2995 1187 3059 accesserat,
1224 2996 1257 3047 ut
1286 2985 1354 3069 ipse
1381 2987 1414 3051 in

78 3078 176 3145 Bruto
199 3101 232 3139 c.
254 3077 310 3139 91.
337 3087 482 3139 testatur.
528 3075 610 3142 Cum
633 3089 735 3140 autem
764 3075 897 3151 Cicero,
924 3088 1055 3141 attctore
1071 3078 1249 3142 Plutarcho
1272 3101 1345 3163 cap.
1363 3082 1412 3158 5.,

78 3192 185 3256 magna
199 3194 259 3255 spe
273 3173 444 3234 erectusad
457 3171 691 3252 rempublicam
704 3171 943 3234 sttuuuostudio
954 3183 1136 3253 raperetur:
1152 3174 1326 3239 ardoreius
1340 3195 1414 3238 ora·

76 3266 147 3329 colo
168 3268 310 3350 quodam
336 3256 505 3346 repressus
534 3277 593 3328 est.
643 3267 724 3328 Nam
755 3286 824 3326 mmr
850 3265 1004 3347 ‘Delphos
1032 3266 1199 3347 proiectus
1230 3266 1414 3350 Apollinem

77 3360 306 3435 consttluisset,
331 3379 467 3443 quanam
490 3359 539 3421 via
563 3362 601 3420 ad
623 3381 772 3429 strnunam
793 3359 927 3444 gloriam
949 3359 1117 3439 pervenire
1138 3371 1272 3442 posset:
1299 3385 1415 3427 oracu-

79 3454 137 3516 lum
166 3453 289 3517 editum
319 3465 383 3528 est,
415 3474 503 3515 suam
532 3466 695 3529 naturam,
733 3476 796 3518 non
823 3452 1028 3515 multitudinis
1057 3452 1266 3534 opinionem,
1302 3460 1413 3521 ducem

79 3547 157 3610 vitae
179 3557 385 3631 sequeretur.
431 3546 638 3628 Quapropter
669 3548 803 3610 Bonnam
830 3568 977 3610 reversus
1005 3545 1110 3628 primo
1143 3547 1250 3612 timide
1279 3550 1358 3614 dixit
1383 3564 1416 3615 et

80 3641 258 3704 dubitanter
277 3643 317 3703 ad
338 3641 480 3704 honores
502 3641 653 3703 accessit:
678 3663 735 3703 nee
758 3641 823 3703 ullo
845 3640 876 3703 iu
899 3662 1031 3705 utrrnero
1053 3641 1197 3719 habitus,
1229 3646 1285 3707 sed
1307 3647 1415 3709 Grae.
1504 3678 1507 3689 ·

81 3736 163 3799 culus
181 3746 281 3819 atque
303 3733 424 3798 otiosus
448 3734 620 3816 appellatus
643 3735 724 3811 luit,
749 3756 830 3820 quae
854 3733 979 3797 nomina
1001 3734 1115 3799 infimis
1139 3747 1172 3799 et
1193 3737 1329 3801 sordidis
1352 3740 1414 3803 ho-

83 3828 210 3892 rninibus
231 3827 263 3891 in
287 3838 441 3909 promptu
464 3849 532 3891 esse
554 3840 649 3913 atque
673 3828 703 3891 in
728 3850 785 3893 ore
807 3839 1058 3892 consueverunt.
1092 3830 1137 3894 Ut
1158 3850 1237 3894 vero
1258 3843 1289 3895 et
1305 3829 1412 3895 innata

82 3924 236 3989 hccorrrm
260 3920 432 4003 cupiditate
458 3924 569 3985 dinetus
595 3934 626 3984 et
652 3923 751 4004 patris
773 3933 868 4007 atquc
891 3921 1065 3985 amicorum
1087 3922 1312 3987 cohortatione
1334 3924 1412 3988 inci-

81 4029 157 4082 tatos
179 4038 215 4079 se
246 4027 348 4080 toturn
377 4014 566 4097 patrociniis
597 4016 744 4090 tradidit,
776 4038 839 4080 uon
863 4017 923 4080 iam
946 4016 1136 4098 pedetentim
1159 4016 1337 4099 principem
1362 4018 1413 4082 lo·

81 4132 144 4173 eum
176 4108 289 4193 petiit,
326 4114 383 4172 sed
411 4108 516 4172 statim
546 4109 646 4173 eluxit
678 4111 857 4195 ceterisque
891 4110 1076 4177 oratoribus
1110 4112 1207 4195 longe
1240 4111 1412 4193 praestitit.

82 4204 241 4267 Hactenus
266 4204 480 4281 Plutarchus,
514 4216 547 4267 ut
567 4226 585 4267 a
608 4226 657 4268 me
685 4215 757 4269 ante
788 4225 889 4269 auxios
919 4216 995 4269 octo
1028 4226 1204 4268 conversus
1230 4204 1311 4268 suit:
1343 4205 1410 4281 ubi,

82 4297 387 4381 qucd.Graeculum
414 4310 512 4384 atque
540 4299 679 4363 otiosum
700 4296 793 4374 dixi,
825 4299 881 4383 qui
906 4298 1083 4363 Plutarcho
1112 4311 1159 4361 est
1186 4293 1333 4384 Γραικὸς
1357 4304 1414 4364 καὶ

83 4386 311 4478 σχολαστικὸς,
341 4405 469 4456 secutus
492 4414 561 4457 sum
585 4393 804 4457 auctoritatem
827 4392 930 4457 nostri
953 4392 1110 4471 oratoris,
1140 4392 1194 4477 qui
1217 4413 1281 4475 pro
1306 4391 1413 4473 Sestio

85 4506 147 4567 rap.
167 4487 222 4551 51.
266 4488 494 4565 Graeculum,
520 4486 638 4571 iuquit,
662 4507 700 4551 se
719 4498 822 4572 atque
840 4486 991 4551 otiorum
1010 4486 1131 4570 pretori
1149 4486 1275 4559 rollum
1295 4484 1413 4548 attritio

88 4577 277 4643 litterarum
301 4603 339 4643 ae
366 4581 481 4646 subito
514 4580 620 4645 dedit.
679 4581 793 4649 Solent
821 4592 924 4644 atatem
955 4577 1091 4644 Romani
1122 4579 1166 4642 uti
1199 4576 1413 4661 appellatione

94 4671 199 4736 Graeci
219 4673 335 4758 probri
357 4674 452 4751 loco,
477 4698 548 4740 cum
570 4676 802 4759 ignobilitatem
824 4673 998 4748 obiiciunt,
1024 4683 1057 4735 nt
1080 4674 1225 4736 Zonaras
1246 4672 1384 4735 scribit.¹

130 4817 155 4891 l)
174 4819 309 4875 adhunc
328 4837 433 4875 annum
455 4820 612 4877 Middleton
639 4823 674 4877 Τ.
694 4834 720 4883 1.
746 4843 773 4899 p.
794 4831 839 4885 78.
866 4829 1010 4895 interpret.
1032 4817 1205 4873 Seidellrnae
1224 4818 1309 4873 refert
1327 4821 1413 4873 Cice-

100 4900 163 4948 ronis
181 4913 242 4953 enm
262 4898 396 4954 Terentia
415 4903 537 4973 nupttar.
574 4899 679 4955 Contra
700 4903 742 4954 rte
761 4898 795 4954 de
816 4899 896 4954 rehtu
916 4898 1061 4961 Ciceroma
1081 4892 1244 4951 domesticis
1263 4894 1414 4970 disputarit
