3322 5578
290 345 333 410 so
596 374 603 389 .
693 345 748 411 u.
773 328 937 411 runnu
960 344 1213 414 crceuoms

290 485 430 569 scripsit.
473 466 614 552 Plancus
636 487 783 552 omnibus
805 486 990 563 sententiis,
1014 489 1154 553 maximo
1175 483 1289 571 populi
1310 486 1441 567 plausu,
1465 486 1601 550 coomn-

290 591 468 738 natusipst,
503 584 592 666 qaod
619 580 739 644 curiam
765 581 975 658 incendisset3
1009 581 1189 665 Philippica
1222 578 1286 645 Vl.
1307 600 1380 662 cap.
1404 579 1436 643 1.
1457 589 1488 641 ct
1508 577 1600 642 Xlll.

290 696 361 758 cap.
425 718 436 740 .
1183 714 1194 723 ,

756 815 1143 833 m

495 915 588 981 Anno
610 915 707 982 Urbis
726 916 848 982 110011.
871 918 1039 982 Ciceronis
1060 917 1139 981 LVI.
1160 934 1248 980 cosa.
1260 913 1412 997 suerunt

290 1055 396 1134 SEll.
425 1053 707 1181 SULPICIUS·
720 1056 903 1154 RUFUS,
937 1058 987 1132 M.
1024 1055 1275 1159 CLAUDIUS
1302 1055 1603 1136 MARCELLUS.

375 1214 452 1278 Hoc
480 1224 644 1297 tempore,
679 1227 766 1278 certe
796 1228 869 1298 post
893 1210 999 1279 Clodii
1027 1216 1172 1290 caedem,
1205 1215 1259 1277 M.
1284 1206 1408 1277 Tralliu's
1432 1217 1471 1278 de
1492 1215 1603 1299 legibus

289 1308 438 1390 scripsit,
464 1318 499 1372 ut
521 1330 561 1372 ex
584 1308 643 1395 lib..
667 1309 715 1375 Il.
737 1332 809 1393 cap.
833 1313 887 1372 17.
910 1311 1130 1393 cognoscitur.
1176 1306 1258 1374 Cum
1275 1321 1378 1372 atatem
1394 1309 1502 1391 plures
1516 1309 1605 1374 libros

290 1407 330 1468 de
353 1404 477 1489 legibus
501 1405 698 1487 scripsisset,
729 1407 766 1467 ad
790 1414 936 1469 nostres
960 1415 1077 1466 tantiam
1101 1403 1184 1488 iique
1207 1401 1340 1467 nuttilati
1361 1406 1605 1485 pervenerunt.¹

290 1498 423 1563 Factum
448 1520 531 1562 anno
553 1498 721 1581 superiore
743 1510 868 1562 senatus
892 1498 1071 1560 consultum
1094 1510 1177 1573 erat,
1208 1496 1338 1581 nequis
1362 1498 1541 1579 praetorius
1561 1507 1605 1559 aut
1651 1558 1652 1561 ,

292 1591 469 1655 consitionis
492 1592 572 1654 intra
596 1590 842 1676 quinquennium
873 1594 904 1655 in
935 1591 1132 1675 provinciam
1163 1592 1210 1654 ire
1238 1603 1366 1674 posset,
1404 1604 1440 1654 ut
1467 1591 1529 1656 Dio
1555 1589 1604 1653 lib.

291 1686 374 1760 XL,
400 1686 452 1750 56.
474 1685 597 1749 scribit.
642 1688 718 1749 Hoc
740 1689 776 1750 S.
800 1685 841 1751 C.
864 1686 912 1751 ire
933 1688 966 1751 in
989 1684 1171 1769 provincias
1193 1683 1296 1748 coacti
1317 1695 1410 1760 attat,
1436 1684 1540 1769 quiin
1562 1703 1604 1745 eas

292 1801 332 1842 ex
355 1791 503 1860 praetura
526 1790 579 1842 aut
601 1801 642 1843 ex
664 1782 829 1844 consulatu
858 1803 921 1844 non
943 1781 1080 1845 iverant.
1138 1779 1176 1843 In
1206 1778 1256 1841 his
1286 1791 1356 1842 erat
1385 1780 1441 1843 M.
1473 1777 1606 1849 Tullius;

293 1871 384 1934 eitius
406 1893 478 1935 sors
501 1894 571 1934 cum
595 1874 714 1936 deiecta
737 1885 839 1948 essct,
863 1873 976 1938 Cilicia
998 1871 1165 1959 prouincia
1185 1872 1359 1936 constdaris
1381 1893 1453 1935 cum
1477 1872 1605 1937 exercitu

292 1966 432 2048 peditum
456 1966 540 2030 Xll.
565 1966 705 2043 militam,
732 1967 871 2049 eqititum
895 1970 989 2030 dariam
1013 1967 1128 2031 milium
1151 1964 1228 2032 DC.
1251 1966 1280 2030 ei
1303 1967 1456 2044 obvenit,
1490 1978 1606 2029 auctore

292 2060 469 2125 Plutarcho
503 2074 575 2144 cap.
600 2061 653 2126 36.
699 2061 873 2127 Cicerone
901 2081 1016 2125 nornen
1047 2073 1165 2124 tantum
1196 2064 1326 2124 duarmn
1356 2060 1519 2146 legionum
1549 2056 1605 2122 eai-

292 2154 364 2216 limn
388 2152 535 2219 halauisse
559 2155 601 2217 ait
623 2153 717 2237 epist.
743 2157 793 2218 15.
825 2154 882 2217 lih.
906 2155 952 2217 V.
984 2156 1022 2217 ad
1045 2156 1132 2229 Atr.;
1170 2166 1200 2217 et
1231 2154 1326 2237 epist.
1351 2156 1383 2218 b.
1407 2155 1466 2219 lib.
1489 2154 1552 2219 111.
1573 2152 1605 2213 ad

292 2246 384 2315 Fam.
407 2248 449 2310 ait
471 2247 503 2312 in
525 2240 610 2310 tanta
634 2248 764 2311 militum
789 2248 946 2330 paucitate
968 2246 1107 2311 abfuisse
1131 2260 1195 2310 tres
1218 2248 1384 2311 cohortes.
1431 2247 1545 2313 Tenuit
1559 2243 1606 2310 Ci-

292 2363 369 2404 cero
399 2362 533 2424 procos.
564 2341 655 2405 etiam
687 2341 831 2426 Cyprum
861 2341 993 2404 insulam
1017 2340 1149 2406 Ciliciae
1179 2340 1361 2422 oppositam
1392 2352 1424 2406 et
1455 2354 1604 2424 praeterea

291 2445 358 2497 tres
382 2437 544 2500 dioeceses
566 2436 746 2511 Asiaticas,
778 2435 1018 2517 Cibyraticum,
1053 2437 1289 2516 synnadensem
1313 2448 1345 2500 et
1369 2439 1604 2520 Apameensern,

292 2540 327 2592 ut
355 2529 412 2593 lib.
441 2531 487 2593 V.
517 2531 613 2613 epist.
645 2531 698 2595 21.
726 2542 757 2593 et
786 2530 842 2595 lih.
869 2531 934 2594 Vl.
966 2530 1064 2613 epist.
1095 2532 1123 2594 1.
1153 2541 1184 2591 et
1206 2531 1238 2594 2.
1262 2532 1301 2592 ad
1324 2531 1393 2595 Art.
1416 2529 1605 2612 perspicitur.

291 2622 405 2707 ltaque
427 2623 485 2688 lib.
509 2625 538 2687 1.
562 2646 633 2707 cap.
659 2628 690 2686 1.
714 2625 754 2687 de
776 2623 921 2688 Divinat.
946 2624 1007 2699 ait,
1039 2644 1074 2687 se
1102 2623 1284 2687 nationibus
1307 2623 1467 2700 Cilicum,
1499 2624 1606 2689 Pisida·

291 2738 362 2779 runr
385 2730 416 2780 et
439 2718 644 2799 Pamphyliae
665 2717 856 2800 praefuisse.
911 2717 1072 2781 Successit
1100 2718 1154 2781 M.
1188 2718 1313 2780 Tullius
1344 2720 1439 2801 App.
1464 2716 1605 2791 Claudio,

292 2832 384 2895 quent
408 2813 446 2874 de
468 2813 668 2876 successione
691 2814 862 2875 certiorem
884 2809 961 2873 facit
983 2810 1077 2893 epist.
1101 2811 1133 2875 9.
1158 2810 1213 2873 lib.
1238 2812 1304 2876 111.
1328 2815 1367 2875 ad
1389 2813 1525 2889 Famil,
1548 2831 1605 2875 run

293 2902 458 2986 epistolam
481 2903 614 2986 primam
636 2905 726 2987 prius
748 2906 786 2966 ad
808 2903 909 2986 ipsum
931 2906 961 2968 in
983 2903 1129 2979 Ciliciam
1152 2904 1297 2969 misisset.
1341 2899 1493 2992 Legatos
1512 2901 1607 2969 hahuit

293 2994 411 3063 Cicero
434 2996 476 3076 Q.
500 2997 640 3069 'Tullium
662 2998 813 3072 fratrem,
852 2998 894 3063 C.
916 2998 1153 3087 Pomptiuium,
1184 3000 1229 3063 L.
1254 2999 1394 3065 Tullium
1417 3013 1453 3066 et
1474 3001 1527 3066 M.
1548 3001 1606 3065 Aa·

291 3092 411 3165 neiiitn,
448 3103 649 3174 qttaestorem
678 3095 721 3157 L.
753 3092 962 3168 Mescinium,
1001 3092 1052 3157 cui
1083 3090 1125 3157 C.
1155 3091 1285 3158 Caelius
1313 3105 1427 3176 postea
1456 3091 1605 3159 successit·

291 3185 465 3252 Proiectus
489 3184 607 3250 Cicero
629 3209 670 3250 ex
694 3188 784 3253 Urbe
808 3208 913 3250 rnense
935 3184 1048 3261 Maio,
1081 3187 1184 3250 Nonis
1213 3208 1283 3253 cum
1305 3187 1418 3252 Attico
1441 3188 1475 3253 in
1498 3191 1607 3253 Tuscu·

290 3280 364 3343 lano
386 3278 469 3342 luit:
500 3277 574 3342 inde
601 3279 748 3362 Arpino,
784 3283 935 3356 Arcano,
971 3281 1121 3364 Aquino,
1158 3279 1325 3357 Cinnano,
1347 3268 1560 3367 ,Pompeiano
1579 3289 1605 3341 et

292 3372 478 3437 Trebulano
507 3374 706 3458 peragratis,
744 3375 960 3438 Beneventum
989 3373 1075 3438 verrit
1097 3376 1143 3439 V.
1174 3376 1251 3441 Idus
1275 3376 1401 3449 Maias,
1439 3380 1601 3441 Tarentum

290 3468 374 3530 XV.
398 3467 474 3531 Kal.
490 3468 567 3532 lun.
590 3480 621 3531 et
642 3467 779 3531 triduum
803 3489 872 3530 curn
895 3467 1054 3550 Pompeio
1078 3480 1110 3532 et
1137 3471 1220 3551 apud
1243 3469 1533 3555 Ponrpeiuipiuiu
1563 3487 1607 3547 ep.

293 3568 333 3635 1,
357 3560 395 3637 9,
420 3560 459 3636 3,
482 3561 521 3638 1,
546 3561 584 3636 5,
617 3561 692 3625 bet
714 3564 745 3625 7.
770 3560 827 3632 lib.
853 3562 900 3624 V.
924 3564 962 3624 ad
984 3563 1056 3625 Att.
1110 3562 1313 3626 Brundisium
1336 3563 1422 3635 veuit
1446 3585 1476 3627 a.
1499 3557 1607 3625 (1.111.

292 3653 431 3719 Kalend.
457 3654 550 3729 lun.;
579 3655 674 3737 epist.
704 3655 737 3719 3.
765 3654 840 3718 lihr.
863 3655 930 3720 Ill.
961 3659 1000 3718 ad
1021 3655 1136 3721 Famil.
1180 3656 1230 3721 lbi
1259 3656 1368 3738 plures
1396 3655 1465 3720 dies
1494 3651 1606 3719 mansit.

292 3746 405 3812 Pridie
435 3748 523 3812 Non.
554 3748 660 3813 Itanias
688 3770 726 3812 se
755 3748 848 3812 etiam
878 3760 943 3812 tunt
966 3748 1128 3813 Brundisii
1157 3748 1255 3814 luisse
1283 3751 1395 3814 scribit
1416 3753 1458 3814 ad
1479 3749 1607 3832 Appium

292 3843 386 3924 epist.
405 3843 435 3906 t.
452 3840 509 3905 lib.
525 3841 592 3907 III.
616 3845 656 3905 ad
669 3843 764 3906 Fam.
798 3842 930 3919 Interim
946 3842 999 3905 M.
1016 3841 1145 3907 Caelius
1161 3847 1286 3907 adeum
1301 3844 1387 3908 misit
1402 3843 1565 3926 epistolam
1579 3844 1605 3900 1.

177 3930 195 3955 ’”
289 3937 347 4005 lib.
365 3937 487 4012 Vlil.‚
511 3937 563 4000 eui
585 3938 721 4002 Athenis
743 3935 906 4019 rescripsit
929 3936 1094 4018 epistolam
1110 3938 1142 4000 8.
1166 3937 1223 4000 lib.
1240 3937 1288 4001 Il.
1312 3939 1351 4000 ad
1374 3939 1466 4002 Fam.
1510 3937 1604 4003 Brett-

292 4030 372 4095 disio
394 4030 561 4112 profectus
582 4031 710 4097 Actium
733 4029 821 4093 venit
847 4030 964 4095 XVll.
996 4030 1150 4106 Kalend,
1186 4033 1331 4095 Athenas
1361 4032 1444 4096 Vll.
1477 4027 1604 4097 Kalend·

293 4126 450 4205 Quintil.;
481 4125 575 4206 epist.
598 4127 630 4189 9.
653 4137 684 4189 et
708 4128 761 4189 10.
786 4125 842 4188 lib.
867 4125 912 4187 V.
944 4126 983 4187 ad
1004 4125 1076 4188 Att.
1120 4125 1300 4188 Exsnlahat
1327 4135 1393 4189 tum
1416 4123 1550 4191 Athenis
1569 4116 1604 4184 C·

291 4219 465 4285 Memmius
489 4221 528 4281 de
550 4219 668 4285 ambitu
688 4220 937 4291 condemnatus3
961 4217 1060 4300 epist.
1071 4217 1103 4281 2.
1127 4218 1186 4281 lib.
1202 4219 1267 4285 ΙΙΙ.
1290 4222 1329 4281 ad
1351 4220 1442 4283 Frat.
1468 4231 1500 4282 et
1522 4216 1604 4298 epist·

292 4313 346 4376 19.
370 4313 427 4376 lib.
449 4312 553 4376 xllt.
577 4314 616 4374 ad
638 4312 729 4376 Fam.
750 4324 782 4375 et
803 4306 972 4393 Appianus
993 4311 1051 4375 lib.
1074 4313 1122 4376 lt.
1173 4313 1207 4377 Is
1229 4311 1350 4395 pridie,
1381 4335 1475 4398 utiam
1498 4311 1605 4378 cicero

291 4406 432 4470 Athenas
455 4408 559 4482 venit,
595 4404 773 4486 Mytilenas
800 4406 965 4487 proiectus
993 4416 1081 4480 erat3
1115 4404 1208 4487 epist.
1234 4408 1286 4470 11.
1309 4407 1366 4471 111).
1390 4408 1437 4471 V.
1460 4408 1501 4471 ad
1521 4404 1603 4470 Ati..

329 4531 359 4592 1)
397 4528 502 4582 Contra
527 4524 723 4600 Chaptntnuur
751 4532 781 4580 ln
805 4526 921 4583 dissert.
945 4526 979 4578 da
1005 4534 1100 4579 atate
1125 4526 1268 4580 Ciceronis
1288 4527 1426 4580 libr-oriam
1446 4527 1483 4579 dc
1507 4519 1606 4592 tegunt

290 4621 318 4675 p.
330 4606 376 4663 58.
395 4602 450 4674 ,td
470 4601 582 4677 quidem
601 4603 683 4676 longe
702 4607 759 4656 veri
779 4602 953 4656 simillimum
973 4600 1124 4656 iudiearem
1143 4607 1183 4657 eir
1202 4619 1315 4674 operam
1334 4607 1484 4675 praecipue
1501 4607 1605 4654 narem

290 4677 454 4732 Ciceronem
474 4678 526 4733 suh
546 4694 709 4732 autumnum
730 4693 754 4732 a.
774 4697 802 4731 u.
825 4682 906 4744 709..
932 4676 1065 4731 absolutis
1092 4682 1146 4731 iam
1171 4678 1251 4732 libris
1275 4677 1309 4731 de
1330 4680 1508 4731 Divinatione
1532 4687 1559 4726 et
1576 4664 1604 4721 dt

289 4752 386 4807 Fato.”
424 4751 599 4827 Chapmrnni
623 4758 745 4808 rationes
770 4751 897 4826 probavit
923 4752 1006 4807 etiam
1030 4753 1145 4808 Beierur
1171 4759 1200 4808 ln
1226 4751 1375 4826 exemplari
1395 4749 1445 4807 Ed.
1461 4744 1604 4806 'Correus-s

289 4825 364 4900 qnod
382 4845 457 4883 nune
475 4845 568 4883 meum
588 4845 640 4884 eat.
674 4829 863 4884 Nihilominus
883 4827 1011 4903 equidem
1030 4826 1105 4885 facto
1125 4846 1188 4885 enm
1201 4829 1329 4886 Fabricio
1349 4845 1377 4883 et
1391 4831 1513 4886 Morere.
1544 4817 1605 4876 vida

289 4902 373 4960 hninr
391 4903 551 4959 Introducr.
570 4922 599 4979 p.
619 4905 711 4962 XXV.
731 4922 807 4979 seqq.
1258 4924 1265 4937 ·
