<?xml version="1.0" encoding="UTF-8"?>
<!DOCTYPE html PUBLIC "-//W3C//DTD XHTML 1.0 Transitional//EN"
    "http://www.w3.org/TR/xhtml1/DTD/xhtml1-transitional.dtd">
<html xmlns="http://www.w3.org/1999/xhtml" xml:lang="en" lang="en">
 <head>
  <title>
</title>
<meta http-equiv="Content-Type" content="text/html;charset=utf-8" />
  <meta name='ocr-system' content='tesseract 3.04.00' />
  <meta name='ocr-capabilities' content='ocr_page ocr_carea ocr_par ocr_line ocrx_word'/>
</head>
<body>
  <div class='ocr_page' id='page_1' title='image "./mtulliiciceroni00unkngoog_0027.png"; bbox 0 0 3322 5578; ppageno 0'>
   <div class='ocr_carea' id='block_1_1' title="bbox 286 362 1214 465">
    <p class='ocr_par' dir='ltr' id='par_1_1' title="bbox 286 362 1214 465">
     <span class='ocr_line' id='line_1_1' title="bbox 286 362 1214 465; baseline -0.018 0"><span class='ocrx_word' id='word_1_1' title='bbox 286 380 324 465; x_wconf 74' lang='lat' dir='ltr'><strong>in</strong></span> <span class='ocrx_word' id='word_1_2' title='bbox 499 366 521 439; x_wconf 77' lang='lat'><strong>&#39;,</strong></span> <span class='ocrx_word' id='word_1_3' title='bbox 546 386 550 403; x_wconf 86' lang='grc'><em>·</em></span> <span class='ocrx_word' id='word_1_4' title='bbox 704 362 1214 455; x_wconf 80' lang='lat' dir='ltr'><strong>n1.run1.irctcuuou1s</strong></span> 
     </span>
    </p>
   </div>
   <div class='ocr_carea' id='block_1_2' title="bbox 284 522 1596 904">
    <p class='ocr_par' dir='ltr' id='par_1_2' title="bbox 284 522 1596 904">
     <span class='ocr_line' id='line_1_2' title="bbox 284 522 1595 619; baseline -0.015 -15"><span class='ocrx_word' id='word_1_5' title='bbox 284 544 370 606; x_wconf 89' lang='lat' dir='ltr'><strong>Dnm</strong></span> <span class='ocrx_word' id='word_1_6' title='bbox 393 540 470 601; x_wconf 88' lang='lat' dir='ltr'><strong>haec</strong></span> <span class='ocrx_word' id='word_1_7' title='bbox 493 535 524 599; x_wconf 90' lang='lat' dir='ltr'><strong>in</strong></span> <span class='ocrx_word' id='word_1_8' title='bbox 542 533 638 600; x_wconf 73' lang='lat' dir='ltr'><strong>vItalia</strong></span> <span class='ocrx_word' id='word_1_9' title='bbox 664 544 835 619; x_wconf 86' lang='lat' dir='ltr'><strong>geruntur,</strong></span> <span class='ocrx_word' id='word_1_10' title='bbox 857 529 980 593; x_wconf 80' lang='lat' dir='ltr'>interim</span> <span class='ocrx_word' id='word_1_11' title='bbox 999 527 1204 591; x_wconf 78' lang='lat' dir='ltr'><strong>Mithridates</strong></span> <span class='ocrx_word' id='word_1_12' title='bbox 1226 546 1285 589; x_wconf 89' lang='lat' dir='ltr'><strong>rex</strong></span> <span class='ocrx_word' id='word_1_13' title='bbox 1307 524 1420 600; x_wconf 90' lang='lat' dir='ltr'><strong>Ponti,</strong></span> <span class='ocrx_word' id='word_1_14' title='bbox 1445 522 1595 589; x_wconf 86' lang='lat' dir='ltr'><strong>Ariobar-</strong></span> 
     </span>
     <span class='ocr_line' id='line_1_3' title="bbox 285 619 1596 707; baseline -0.016 -6"><span class='ocrx_word' id='word_1_15' title='bbox 285 659 364 701; x_wconf 88' lang='lat' dir='ltr'><strong>zane</strong></span> <span class='ocrx_word' id='word_1_16' title='bbox 394 646 426 698; x_wconf 90' lang='lat' dir='ltr'><strong>et</strong></span> <span class='ocrx_word' id='word_1_17' title='bbox 454 632 629 697; x_wconf 81' lang='lat' dir='ltr'>Nicomede</span> <span class='ocrx_word' id='word_1_18' title='bbox 657 628 762 691; x_wconf 91' lang='lat' dir='ltr'><strong>amieis</strong></span> <span class='ocrx_word' id='word_1_19' title='bbox 787 624 899 707; x_wconf 90' lang='lat' dir='ltr'><strong>populi</strong></span> <span class='ocrx_word' id='word_1_20' title='bbox 927 624 1022 686; x_wconf 89' lang='lat' dir='ltr'><strong>Rom.</strong></span> <span class='ocrx_word' id='word_1_21' title='bbox 1052 623 1170 684; x_wconf 87' lang='lat' dir='ltr'><strong>exactis</strong></span> <span class='ocrx_word' id='word_1_22' title='bbox 1197 620 1398 703; x_wconf 80' lang='lat' dir='ltr'>Cappadocia</span> <span class='ocrx_word' id='word_1_23' title='bbox 1428 633 1520 702; x_wconf 88' lang='lat' dir='ltr'><strong>atque</strong></span> <span class='ocrx_word' id='word_1_24' title='bbox 1545 619 1596 692; x_wconf 83' lang='lat' dir='ltr'><strong>Bi-</strong></span> 
     </span>
     <span class='ocr_line' id='line_1_4' title="bbox 285 714 1595 813; baseline -0.018 -17"><span class='ocrx_word' id='word_1_25' title='bbox 285 731 409 813; x_wconf 82' lang='lat' dir='ltr'><strong>thynia,</strong></span> <span class='ocrx_word' id='word_1_26' title='bbox 441 726 549 792; x_wconf 81' lang='lat' dir='ltr'>Asiam</span> <span class='ocrx_word' id='word_1_27' title='bbox 576 721 720 796; x_wconf 85' lang='lat' dir='ltr'><strong>intravit,</strong></span> <span class='ocrx_word' id='word_1_28' title='bbox 760 741 885 802; x_wconf 75' lang='lat' dir='ltr'><strong>urnaque</strong></span> <span class='ocrx_word' id='word_1_29' title='bbox 914 717 962 779; x_wconf 90' lang='lat' dir='ltr'><strong>dic</strong></span> <span class='ocrx_word' id='word_1_30' title='bbox 986 727 1052 778; x_wconf 91' lang='lat' dir='ltr'><strong>tota</strong></span> <span class='ocrx_word' id='word_1_31' title='bbox 1082 715 1159 779; x_wconf 87' lang='lat' dir='ltr'><strong>Asia</strong></span> <span class='ocrx_word' id='word_1_32' title='bbox 1186 727 1233 777; x_wconf 91' lang='lat' dir='ltr'><strong>tot</strong></span> <span class='ocrx_word' id='word_1_33' title='bbox 1258 716 1288 776; x_wconf 89' lang='lat' dir='ltr'><strong>in</strong></span> <span class='ocrx_word' id='word_1_34' title='bbox 1309 714 1507 787; x_wconf 84' lang='lat' dir='ltr'><strong>civitatibus,</strong></span> <span class='ocrx_word' id='word_1_35' title='bbox 1536 734 1595 775; x_wconf 77' lang='lat' dir='ltr'><strong>rino</strong></span> 
     </span>
     <span class='ocr_line' id='line_1_5' title="bbox 286 809 1596 904; baseline -0.018 -16"><span class='ocrx_word' id='word_1_36' title='bbox 286 826 398 888; x_wconf 83' lang='lat' dir='ltr'><strong>nrrntio</strong></span> <span class='ocrx_word' id='word_1_37' title='bbox 421 832 516 904; x_wconf 73' lang='lat' dir='ltr'><strong>atque</strong></span> <span class='ocrx_word' id='word_1_38' title='bbox 539 839 597 880; x_wconf 91' lang='lat' dir='ltr'><strong>una</strong></span> <span class='ocrx_word' id='word_1_39' title='bbox 619 817 792 878; x_wconf 88' lang='lat' dir='ltr'><strong>litterarum</strong></span> <span class='ocrx_word' id='word_1_40' title='bbox 811 809 1039 895; x_wconf 75' lang='lat' dir='ltr'><strong>significatione</strong></span> <span class='ocrx_word' id='word_1_41' title='bbox 1065 809 1150 872; x_wconf 87' lang='lat' dir='ltr'><strong>cives</strong></span> <span class='ocrx_word' id='word_1_42' title='bbox 1173 810 1337 874; x_wconf 84' lang='lat' dir='ltr'><strong>Romanos</strong></span> <span class='ocrx_word' id='word_1_43' title='bbox 1359 810 1516 870; x_wconf 84' lang='lat' dir='ltr'><strong>necandos</strong></span> <span class='ocrx_word' id='word_1_44' title='bbox 1535 818 1596 867; x_wconf 86' lang='lat' dir='ltr'><strong>tru-</strong></span> 
     </span>
    </p>
   </div>
   <div class='ocr_carea' id='block_1_3' title="bbox 176 900 1598 999">
    <p class='ocr_par' dir='ltr' id='par_1_3' title="bbox 176 900 1598 999">
     <span class='ocr_line' id='line_1_6' title="bbox 176 900 1598 999; baseline -0.016 -13"><span class='ocrx_word' id='word_1_45' title='bbox 176 900 180 907; x_wconf 65' lang='lat'><strong>.</strong></span> <span class='ocrx_word' id='word_1_46' title='bbox 287 921 500 999; x_wconf 81' lang='lat' dir='ltr'><strong>cidanclosque</strong></span> <span class='ocrx_word' id='word_1_47' title='bbox 513 911 683 985; x_wconf 88' lang='lat' dir='ltr'><strong>denotavit,</strong></span> <span class='ocrx_word' id='word_1_48' title='bbox 697 907 813 973; x_wconf 88' lang='lat' dir='ltr'><strong>Cicero</strong></span> <span class='ocrx_word' id='word_1_49' title='bbox 826 908 856 968; x_wconf 92' lang='lat' dir='ltr'><strong>iu</strong></span> <span class='ocrx_word' id='word_1_50' title='bbox 867 905 1051 977; x_wconf 87' lang='lat' dir='ltr'><strong>Maniliana,</strong></span> <span class='ocrx_word' id='word_1_51' title='bbox 1066 925 1137 983; x_wconf 90' lang='lat' dir='ltr'><strong>cap.</strong></span> <span class='ocrx_word' id='word_1_52' title='bbox 1151 903 1182 964; x_wconf 84' lang='grc'><strong>3.</strong></span> <span class='ocrx_word' id='word_1_53' title='bbox 1206 901 1318 964; x_wconf 86' lang='lat' dir='ltr'><strong>Livius</strong></span> <span class='ocrx_word' id='word_1_54' title='bbox 1333 902 1388 963; x_wconf 91' lang='lat' dir='ltr'><strong>lib.</strong></span> <span class='ocrx_word' id='word_1_55' title='bbox 1401 902 1598 965; x_wconf 83' lang='lat' dir='ltr'><strong>LXXVIII.</strong></span> 
     </span>
    </p>
   </div>
   <div class='ocr_carea' id='block_1_4' title="bbox 207 996 1627 4995">
    <p class='ocr_par' dir='ltr' id='par_1_4' title="bbox 207 996 1613 2968">
     <span class='ocr_line' id='line_1_7' title="bbox 207 996 1598 1086; baseline -0.017 -6"><span class='ocrx_word' id='word_1_56' title='bbox 207 1060 212 1071; x_wconf 84' lang='lat'><strong>.</strong></span> <span class='ocrx_word' id='word_1_57' title='bbox 286 1013 438 1079; x_wconf 87' lang='lat' dir='ltr'><strong>Valerius</strong></span> <span class='ocrx_word' id='word_1_58' title='bbox 455 1010 510 1071; x_wconf 92' lang='lat' dir='ltr'><strong>lib.</strong></span> <span class='ocrx_word' id='word_1_59' title='bbox 536 1008 585 1070; x_wconf 96' lang='lat' dir='ltr'><strong>II.</strong></span> <span class='ocrx_word' id='word_1_60' title='bbox 615 1026 686 1086; x_wconf 90' lang='lat' dir='ltr'><strong>cap.</strong></span> <span class='ocrx_word' id='word_1_61' title='bbox 712 1004 743 1066; x_wconf 73' lang='lat'><strong>2.</strong></span> <span class='ocrx_word' id='word_1_62' title='bbox 793 1000 982 1065; x_wconf 81' lang='lat' dir='ltr'><strong>Plutarchus</strong></span> <span class='ocrx_word' id='word_1_63' title='bbox 1004 998 1035 1059; x_wconf 89' lang='lat' dir='ltr'><strong>iu</strong></span> <span class='ocrx_word' id='word_1_64' title='bbox 1059 998 1163 1070; x_wconf 90' lang='lat' dir='ltr'><strong>Sulla,</strong></span> <span class='ocrx_word' id='word_1_65' title='bbox 1188 997 1355 1079; x_wconf 87' lang='lat' dir='ltr'><strong>Appianus</strong></span> <span class='ocrx_word' id='word_1_66' title='bbox 1379 996 1410 1057; x_wconf 88' lang='lat' dir='ltr'><strong>in</strong></span> <span class='ocrx_word' id='word_1_67' title='bbox 1435 996 1598 1058; x_wconf 90' lang='lat' dir='ltr'><strong>Mithrida·</strong></span> 
     </span>
     <span class='ocr_line' id='line_1_8' title="bbox 283 1090 1598 1186; baseline -0.016 -14"><span class='ocrx_word' id='word_1_68' title='bbox 283 1110 367 1172; x_wconf 81' lang='lat' dir='ltr'><strong>tico.</strong></span> <span class='ocrx_word' id='word_1_69' title='bbox 411 1106 519 1186; x_wconf 86' lang='lat' dir='ltr'><strong>Atque</strong></span> <span class='ocrx_word' id='word_1_70' title='bbox 539 1102 615 1162; x_wconf 89' lang='lat' dir='ltr'><strong>haec</strong></span> <span class='ocrx_word' id='word_1_71' title='bbox 634 1110 681 1160; x_wconf 90' lang='lat' dir='ltr'><strong>cst</strong></span> <span class='ocrx_word' id='word_1_72' title='bbox 699 1096 751 1159; x_wconf 93' lang='lat' dir='ltr'><strong>illa</strong></span> <span class='ocrx_word' id='word_1_73' title='bbox 769 1094 992 1157; x_wconf 80' lang='lat' dir='ltr'><strong>uincersornm</strong></span> <span class='ocrx_word' id='word_1_74' title='bbox 1009 1090 1123 1153; x_wconf 84' lang='lat' dir='ltr'><strong>civium</strong></span> <span class='ocrx_word' id='word_1_75' title='bbox 1141 1092 1358 1154; x_wconf 86' lang='lat' dir='ltr'><strong>Romanorum</strong></span> <span class='ocrx_word' id='word_1_76' title='bbox 1376 1112 1434 1172; x_wconf 90' lang='lat' dir='ltr'><strong>per</strong></span> <span class='ocrx_word' id='word_1_77' title='bbox 1448 1100 1499 1153; x_wconf 91' lang='lat' dir='ltr'><strong>tot</strong></span> <span class='ocrx_word' id='word_1_78' title='bbox 1512 1093 1598 1152; x_wconf 88' lang='lat' dir='ltr'><strong>urbes</strong></span> 
     </span>
     <span class='ocr_line' id='line_1_9' title="bbox 287 1182 1598 1281; baseline -0.018 -16"><span class='ocrx_word' id='word_1_79' title='bbox 287 1223 353 1265; x_wconf 92' lang='lat' dir='ltr'><strong>uno</strong></span> <span class='ocrx_word' id='word_1_80' title='bbox 372 1210 490 1281; x_wconf 92' lang='lat' dir='ltr'><strong>puncto</strong></span> <span class='ocrx_word' id='word_1_81' title='bbox 515 1192 667 1275; x_wconf 88' lang='lat' dir='ltr'><strong>temporis</strong></span> <span class='ocrx_word' id='word_1_82' title='bbox 688 1190 797 1252; x_wconf 80' lang='lat' dir='ltr'><strong>nrisera</strong></span> <span class='ocrx_word' id='word_1_83' title='bbox 821 1188 1018 1268; x_wconf 83' lang='lat' dir='ltr'><strong>crudelisque</strong></span> <span class='ocrx_word' id='word_1_84' title='bbox 1044 1186 1173 1255; x_wconf 89' lang='lat' dir='ltr'><strong>caedes,</strong></span> <span class='ocrx_word' id='word_1_85' title='bbox 1198 1204 1293 1266; x_wconf 84' lang='lat' dir='ltr'><strong>quam</strong></span> <span class='ocrx_word' id='word_1_86' title='bbox 1318 1182 1388 1248; x_wconf 90' lang='lat' dir='ltr'><strong>Cic.</strong></span> <span class='ocrx_word' id='word_1_87' title='bbox 1406 1204 1468 1265; x_wconf 88' lang='lat' dir='ltr'><strong>pro</strong></span> <span class='ocrx_word' id='word_1_88' title='bbox 1487 1184 1598 1249; x_wconf 83' lang='lat' dir='ltr'><strong>Flacco</strong></span> 
     </span>
     <span class='ocr_line' id='line_1_10' title="bbox 289 1276 1599 1377; baseline -0.015 -19"><span class='ocrx_word' id='word_1_89' title='bbox 289 1319 359 1377; x_wconf 92' lang='lat' dir='ltr'><strong>cap.</strong></span> <span class='ocrx_word' id='word_1_90' title='bbox 386 1294 436 1356; x_wconf 73' lang='grc'><strong>05.</strong></span> <span class='ocrx_word' id='word_1_91' title='bbox 460 1290 612 1353; x_wconf 88' lang='lat' dir='ltr'><strong>nominat.</strong></span> <span class='ocrx_word' id='word_1_92' title='bbox 659 1286 753 1351; x_wconf 83' lang='lat' dir='ltr'><strong>Hauc</strong></span> <span class='ocrx_word' id='word_1_93' title='bbox 781 1303 858 1345; x_wconf 84' lang='lat' dir='ltr'><strong>vero</strong></span> <span class='ocrx_word' id='word_1_94' title='bbox 883 1279 1097 1342; x_wconf 79' lang='lat' dir='ltr'><strong>crudelitatem</strong></span> <span class='ocrx_word' id='word_1_95' title='bbox 1127 1277 1323 1342; x_wconf 86' lang='lat' dir='ltr'><strong>Mithridatis</strong></span> <span class='ocrx_word' id='word_1_96' title='bbox 1350 1276 1381 1340; x_wconf 95' lang='lat' dir='ltr'><strong>in</strong></span> <span class='ocrx_word' id='word_1_97' title='bbox 1408 1289 1536 1362; x_wconf 83' lang='lat' dir='ltr'><strong>togatos</strong></span> <span class='ocrx_word' id='word_1_98' title='bbox 1563 1278 1599 1340; x_wconf 88' lang='lat' dir='ltr'><strong>P.</strong></span> 
     </span>
     <span class='ocr_line' id='line_1_11' title="bbox 290 1370 1600 1460; baseline -0.019 -5"><span class='ocrx_word' id='word_1_99' title='bbox 290 1388 429 1455; x_wconf 86' lang='lat' dir='ltr'><strong>Rutilius</strong></span> <span class='ocrx_word' id='word_1_100' title='bbox 449 1386 572 1460; x_wconf 81' lang='lat' dir='ltr'><strong>liuius,</strong></span> <span class='ocrx_word' id='word_1_101' title='bbox 597 1403 666 1443; x_wconf 92' lang='lat' dir='ltr'><strong>eum</strong></span> <span class='ocrx_word' id='word_1_102' title='bbox 684 1400 700 1440; x_wconf 91' lang='lat' dir='ltr'><strong>a</strong></span> <span class='ocrx_word' id='word_1_103' title='bbox 720 1398 798 1459; x_wconf 81' lang='lat' dir='ltr'><strong>rege</strong></span> <span class='ocrx_word' id='word_1_104' title='bbox 817 1373 980 1454; x_wconf 78' lang='lat' dir='ltr'><strong>Mytilenis</strong></span> <span class='ocrx_word' id='word_1_105' title='bbox 999 1394 1171 1454; x_wconf 90' lang='lat' dir='ltr'><strong>oppressus</strong></span> <span class='ocrx_word' id='word_1_106' title='bbox 1191 1383 1290 1446; x_wconf 86' lang='lat' dir='ltr'><strong>esset,</strong></span> <span class='ocrx_word' id='word_1_107' title='bbox 1317 1370 1414 1433; x_wconf 84' lang='lat' dir='ltr'><strong>vestis</strong></span> <span class='ocrx_word' id='word_1_108' title='bbox 1436 1370 1600 1432; x_wconf 84' lang='lat' dir='ltr'><strong>nudatione</strong></span> 
     </span>
     <span class='ocr_line' id='line_1_12' title="bbox 289 1463 1601 1556; baseline -0.016 -10"><span class='ocrx_word' id='word_1_109' title='bbox 289 1482 420 1556; x_wconf 79' lang='lat' dir='ltr'><strong>vitavit,</strong></span> <span class='ocrx_word' id='word_1_110' title='bbox 446 1491 479 1541; x_wconf 92' lang='lat' dir='ltr'><strong>ut</strong></span> <span class='ocrx_word' id='word_1_111' title='bbox 501 1489 548 1541; x_wconf 92' lang='lat' dir='ltr'><strong>cst</strong></span> <span class='ocrx_word' id='word_1_112' title='bbox 569 1477 600 1539; x_wconf 92' lang='lat' dir='ltr'><strong>in</strong></span> <span class='ocrx_word' id='word_1_113' title='bbox 627 1484 710 1538; x_wconf 90' lang='lat' dir='ltr'><strong>orat.</strong></span> <span class='ocrx_word' id='word_1_114' title='bbox 734 1492 794 1552; x_wconf 88' lang='lat' dir='ltr'><strong>pro</strong></span> <span class='ocrx_word' id='word_1_115' title='bbox 813 1468 948 1532; x_wconf 80' lang='lat' dir='ltr'><strong>Rabirio</strong></span> <span class='ocrx_word' id='word_1_116' title='bbox 976 1470 1131 1532; x_wconf 83' lang='lat' dir='ltr'><strong>Postumo</strong></span> <span class='ocrx_word' id='word_1_117' title='bbox 1152 1488 1221 1548; x_wconf 88' lang='lat' dir='ltr'><strong>cap.</strong></span> <span class='ocrx_word' id='word_1_118' title='bbox 1242 1469 1290 1527; x_wconf 96' lang='grc'><strong>10.</strong></span> <span class='ocrx_word' id='word_1_119' title='bbox 1334 1465 1423 1527; x_wconf 91' lang='lat' dir='ltr'><strong>Idem</strong></span> <span class='ocrx_word' id='word_1_120' title='bbox 1445 1463 1476 1526; x_wconf 89' lang='lat' dir='ltr'><strong>ia</strong></span> <span class='ocrx_word' id='word_1_121' title='bbox 1500 1463 1601 1528; x_wconf 86' lang='lat' dir='ltr'><strong>Mani-</strong></span> 
     </span>
     <span class='ocr_line' id='line_1_13' title="bbox 292 1560 1601 1656; baseline -0.017 -15"><span class='ocrx_word' id='word_1_122' title='bbox 292 1578 371 1641; x_wconf 88' lang='lat' dir='ltr'><strong>liana</strong></span> <span class='ocrx_word' id='word_1_123' title='bbox 403 1597 473 1656; x_wconf 92' lang='lat' dir='ltr'><strong>cap.</strong></span> <span class='ocrx_word' id='word_1_124' title='bbox 501 1574 533 1637; x_wconf 82' lang='lat'><strong>5.</strong></span> <span class='ocrx_word' id='word_1_125' title='bbox 561 1571 623 1633; x_wconf 84' lang='lat' dir='ltr'><strong>ait:</strong></span> <span class='ocrx_word' id='word_1_126' title='bbox 657 1564 876 1631; x_wconf 83' lang='lat' dir='ltr'><strong>Mithridatem</strong></span> <span class='ocrx_word' id='word_1_127' title='bbox 907 1574 970 1623; x_wconf 92' lang='lat' dir='ltr'><strong>tum</strong></span> <span class='ocrx_word' id='word_1_128' title='bbox 997 1563 1133 1645; x_wconf 85' lang='lat' dir='ltr'><strong>legatum</strong></span> <span class='ocrx_word' id='word_1_129' title='bbox 1155 1560 1267 1643; x_wconf 88' lang='lat' dir='ltr'><strong>populi</strong></span> <span class='ocrx_word' id='word_1_130' title='bbox 1291 1560 1387 1623; x_wconf 85' lang='lat' dir='ltr'><strong>Rom.</strong></span> <span class='ocrx_word' id='word_1_131' title='bbox 1410 1560 1601 1623; x_wconf 79' lang='lat' dir='ltr'><strong>consularem</strong></span> 
     </span>
     <span class='ocr_line' id='line_1_14' title="bbox 291 1651 1604 1740; baseline -0.018 -5"><span class='ocrx_word' id='word_1_132' title='bbox 291 1670 425 1734; x_wconf 79' lang='lat' dir='ltr'><strong>vinculis</strong></span> <span class='ocrx_word' id='word_1_133' title='bbox 451 1689 487 1730; x_wconf 89' lang='lat' dir='ltr'><strong>ae</strong></span> <span class='ocrx_word' id='word_1_134' title='bbox 515 1661 704 1728; x_wconf 85' lang='lat' dir='ltr'><strong>verberibus</strong></span> <span class='ocrx_word' id='word_1_135' title='bbox 735 1671 828 1740; x_wconf 88' lang='lat' dir='ltr'><strong>atque</strong></span> <span class='ocrx_word' id='word_1_136' title='bbox 851 1655 935 1718; x_wconf 81' lang='lat' dir='ltr'><strong>ornni</strong></span> <span class='ocrx_word' id='word_1_137' title='bbox 959 1655 1115 1737; x_wconf 87' lang='lat' dir='ltr'><strong>supplicio</strong></span> <span class='ocrx_word' id='word_1_138' title='bbox 1137 1654 1349 1717; x_wconf 87' lang='lat' dir='ltr'><strong>excruciatum</strong></span> <span class='ocrx_word' id='word_1_139' title='bbox 1371 1674 1513 1717; x_wconf 78' lang='lat' dir='ltr'><strong>necasse.</strong></span> <span class='ocrx_word' id='word_1_140' title='bbox 1553 1651 1604 1714; x_wconf 89' lang='lat' dir='ltr'><strong>Io·</strong></span> 
     </span>
     <span class='ocr_line' id='line_1_15' title="bbox 263 1746 1603 1849; baseline -0.016 -21"><span class='ocrx_word' id='word_1_141' title='bbox 263 1757 271 1761; x_wconf 74' lang='lat'><strong>-</strong></span> <span class='ocrx_word' id='word_1_142' title='bbox 291 1764 405 1849; x_wconf 83' lang='lat' dir='ltr'><strong>telligit</strong></span> <span class='ocrx_word' id='word_1_143' title='bbox 423 1773 525 1825; x_wconf 90' lang='lat' dir='ltr'><strong>antem</strong></span> <span class='ocrx_word' id='word_1_144' title='bbox 539 1760 602 1822; x_wconf 84' lang='grc' dir='ltr'><strong>Μ’.</strong></span> <span class='ocrx_word' id='word_1_145' title='bbox 618 1753 792 1837; x_wconf 84' lang='lat' dir='ltr'><strong>Aquillium</strong></span> <span class='ocrx_word' id='word_1_146' title='bbox 810 1749 970 1813; x_wconf 89' lang='lat' dir='ltr'><strong>consulem</strong></span> <span class='ocrx_word' id='word_1_147' title='bbox 990 1749 1061 1810; x_wconf 88' lang='lat' dir='ltr'><strong>anni</strong></span> <span class='ocrx_word' id='word_1_148' title='bbox 1077 1748 1220 1814; x_wconf 90' lang='lat' dir='ltr'><strong>DCLII.</strong></span> <span class='ocrx_word' id='word_1_149' title='bbox 1239 1752 1374 1830; x_wconf 85' lang='lat' dir='ltr'><strong>dequo,</strong></span> <span class='ocrx_word' id='word_1_150' title='bbox 1398 1759 1527 1829; x_wconf 90' lang='lat' dir='ltr'><strong>praeter</strong></span> <span class='ocrx_word' id='word_1_151' title='bbox 1540 1746 1603 1826; x_wconf 86' lang='lat' dir='ltr'><strong>Ap·</strong></span> 
     </span>
     <span class='ocr_line' id='line_1_16' title="bbox 291 1840 1603 1942; baseline -0.015 -21"><span class='ocrx_word' id='word_1_152' title='bbox 291 1858 430 1942; x_wconf 85' lang='lat' dir='ltr'><strong>pianum,</strong></span> <span class='ocrx_word' id='word_1_153' title='bbox 446 1854 583 1917; x_wconf 89' lang='lat' dir='ltr'><strong>Iustinus</strong></span> <span class='ocrx_word' id='word_1_154' title='bbox 596 1849 651 1913; x_wconf 92' lang='lat' dir='ltr'><strong>lib.</strong></span> <span class='ocrx_word' id='word_1_155' title='bbox 665 1844 868 1910; x_wconf 86' lang='lat' dir='ltr'><strong>XXXVIII.</strong></span> <span class='ocrx_word' id='word_1_156' title='bbox 886 1842 956 1931; x_wconf 16' lang='lat' dir='ltr'><strong>ogd.</strong></span> <span class='ocrx_word' id='word_1_157' title='bbox 974 1843 1152 1913; x_wconf 75' lang='lat' dir='ltr'><strong>Athenaeus</strong></span> <span class='ocrx_word' id='word_1_158' title='bbox 1165 1842 1220 1906; x_wconf 93' lang='lat' dir='ltr'><strong>lib.</strong></span> <span class='ocrx_word' id='word_1_159' title='bbox 1232 1843 1278 1905; x_wconf 87' lang='lat' dir='ltr'><strong>V.</strong></span> <span class='ocrx_word' id='word_1_160' title='bbox 1292 1842 1498 1923; x_wconf 83' lang='lat' dir='ltr'><strong>Dipnosoph.</strong></span> <span class='ocrx_word' id='word_1_161' title='bbox 1511 1863 1540 1904; x_wconf 91' lang='lat' dir='ltr'><strong>c.</strong></span> <span class='ocrx_word' id='word_1_162' title='bbox 1554 1840 1603 1903; x_wconf 77' lang='lat'><strong>50.</strong></span> 
     </span>
     <span class='ocr_line' id='line_1_17' title="bbox 294 1935 1606 2018; baseline -0.015 -3"><span class='ocrx_word' id='word_1_163' title='bbox 294 1950 413 2015; x_wconf 88' lang='lat' dir='ltr'><strong>Cicero</strong></span> <span class='ocrx_word' id='word_1_164' title='bbox 432 1948 524 2010; x_wconf 91' lang='lat' dir='ltr'><strong>etiam</strong></span> <span class='ocrx_word' id='word_1_165' title='bbox 540 1946 600 2006; x_wconf 90' lang='lat' dir='ltr'><strong>hac</strong></span> <span class='ocrx_word' id='word_1_166' title='bbox 622 1945 659 2003; x_wconf 91' lang='lat' dir='ltr'><strong>de</strong></span> <span class='ocrx_word' id='word_1_167' title='bbox 677 1958 771 2002; x_wconf 84' lang='lat' dir='ltr'><strong>causa</strong></span> <span class='ocrx_word' id='word_1_168' title='bbox 793 1936 855 1999; x_wconf 85' lang='grc' dir='ltr'><strong>Μ’.</strong></span> <span class='ocrx_word' id='word_1_169' title='bbox 875 1935 1008 2018; x_wconf 84' lang='lat' dir='ltr'><strong>Aquillii</strong></span> <span class='ocrx_word' id='word_1_170' title='bbox 1025 1936 1212 1999; x_wconf 79' lang='lat' dir='ltr'><strong>rricntIourm</strong></span> <span class='ocrx_word' id='word_1_171' title='bbox 1231 1936 1307 1998; x_wconf 89' lang='lat' dir='ltr'><strong>lacit</strong></span> <span class='ocrx_word' id='word_1_172' title='bbox 1329 1938 1358 1999; x_wconf 88' lang='lat' dir='ltr'>T</span> <span class='ocrx_word' id='word_1_173' title='bbox 1362 1937 1461 2001; x_wconf 82' lang='lat' dir='ltr'><strong>ttsetd.</strong></span> <span class='ocrx_word' id='word_1_174' title='bbox 1476 1936 1523 1999; x_wconf 88' lang='lat' dir='ltr'><strong>V.</strong></span> <span class='ocrx_word' id='word_1_175' title='bbox 1541 1954 1606 2015; x_wconf 89' lang='lat' dir='ltr'><strong>cap.</strong></span> 
     </span>
     <span class='ocr_line' id='line_1_18' title="bbox 265 2025 1607 2113; baseline -0.017 -4"><span class='ocrx_word' id='word_1_176' title='bbox 265 2063 268 2069; x_wconf 89' lang='grc'><strong><em>·</em></strong></span> <span class='ocrx_word' id='word_1_177' title='bbox 294 2047 325 2109; x_wconf 81' lang='lat'><strong>5.</strong></span> <span class='ocrx_word' id='word_1_178' title='bbox 371 2044 454 2109; x_wconf 91' lang='lat' dir='ltr'><strong>Urbs</strong></span> <span class='ocrx_word' id='word_1_179' title='bbox 479 2039 612 2106; x_wconf 85' lang='lat' dir='ltr'><strong>Rhodus</strong></span> <span class='ocrx_word' id='word_1_180' title='bbox 633 2034 700 2098; x_wconf 88' lang='lat' dir='ltr'><strong>sola</strong></span> <span class='ocrx_word' id='word_1_181' title='bbox 723 2045 787 2095; x_wconf 90' lang='lat' dir='ltr'><strong>tum</strong></span> <span class='ocrx_word' id='word_1_182' title='bbox 811 2031 840 2091; x_wconf 94' lang='lat' dir='ltr'><strong>in</strong></span> <span class='ocrx_word' id='word_1_183' title='bbox 860 2030 921 2091; x_wconf 83' lang='lat' dir='ltr'><strong>fide</strong></span> <span class='ocrx_word' id='word_1_184' title='bbox 939 2025 1067 2103; x_wconf 88' lang='lat' dir='ltr'><strong>mansit,</strong></span> <span class='ocrx_word' id='word_1_185' title='bbox 1093 2040 1186 2113; x_wconf 85' lang='lat' dir='ltr'><strong>atquc</strong></span> <span class='ocrx_word' id='word_1_186' title='bbox 1206 2041 1386 2113; x_wconf 84' lang='lat' dir='ltr'><strong>oppugnata</strong></span> <span class='ocrx_word' id='word_1_187' title='bbox 1405 2028 1484 2104; x_wconf 84' lang='lat' dir='ltr'><strong>fuit,</strong></span> <span class='ocrx_word' id='word_1_188' title='bbox 1511 2039 1548 2091; x_wconf 88' lang='lat' dir='ltr'><strong>ut</strong></span> <span class='ocrx_word' id='word_1_189' title='bbox 1563 2036 1607 2089; x_wconf 88' lang='lat' dir='ltr'><strong>est</strong></span> 
     </span>
     <span class='ocr_line' id='line_1_19' title="bbox 293 2121 1607 2220; baseline -0.015 -19"><span class='ocrx_word' id='word_1_190' title='bbox 293 2140 324 2201; x_wconf 90' lang='lat' dir='ltr'><strong>in</strong></span> <span class='ocrx_word' id='word_1_191' title='bbox 348 2138 485 2220; x_wconf 86' lang='lat' dir='ltr'><strong>epitoma</strong></span> <span class='ocrx_word' id='word_1_192' title='bbox 506 2131 596 2196; x_wconf 84' lang='lat' dir='ltr'><strong>Livii</strong></span> <span class='ocrx_word' id='word_1_193' title='bbox 620 2129 676 2192; x_wconf 90' lang='lat' dir='ltr'><strong>lib.</strong></span> <span class='ocrx_word' id='word_1_194' title='bbox 700 2124 900 2189; x_wconf 81' lang='lat' dir='ltr'><strong>LXXVIII.</strong></span> <span class='ocrx_word' id='word_1_195' title='bbox 943 2124 1035 2187; x_wconf 88' lang='lat' dir='ltr'><strong>Unde</strong></span> <span class='ocrx_word' id='word_1_196' title='bbox 1061 2121 1178 2187; x_wconf 89' lang='lat' dir='ltr'><strong>Cicero</strong></span> <span class='ocrx_word' id='word_1_197' title='bbox 1207 2123 1236 2184; x_wconf 94' lang='lat' dir='ltr'><strong>in</strong></span> <span class='ocrx_word' id='word_1_198' title='bbox 1263 2126 1361 2187; x_wconf 90' lang='lat' dir='ltr'><strong>Verr.</strong></span> <span class='ocrx_word' id='word_1_199' title='bbox 1378 2124 1442 2186; x_wconf 89' lang='lat' dir='ltr'><strong>IV.</strong></span> <span class='ocrx_word' id='word_1_200' title='bbox 1465 2144 1538 2205; x_wconf 91' lang='lat' dir='ltr'><strong>cap.</strong></span> <span class='ocrx_word' id='word_1_201' title='bbox 1561 2121 1607 2182; x_wconf 82' lang='grc'><strong>00.</strong></span> 
     </span>
     <span class='ocr_line' id='line_1_20' title="bbox 293 2215 1606 2308; baseline -0.018 -10"><span class='ocrx_word' id='word_1_202' title='bbox 293 2234 356 2298; x_wconf 74' lang='lat' dir='ltr'><strong>aits</strong></span> <span class='ocrx_word' id='word_1_203' title='bbox 381 2229 527 2295; x_wconf 85' lang='lat' dir='ltr'><strong>Rhodios</strong></span> <span class='ocrx_word' id='word_1_204' title='bbox 546 2244 649 2308; x_wconf 91' lang='lat' dir='ltr'><strong>prope</strong></span> <span class='ocrx_word' id='word_1_205' title='bbox 667 2221 755 2284; x_wconf 92' lang='lat' dir='ltr'><strong>solos</strong></span> <span class='ocrx_word' id='word_1_206' title='bbox 776 2219 891 2280; x_wconf 91' lang='lat' dir='ltr'><strong>bellum</strong></span> <span class='ocrx_word' id='word_1_207' title='bbox 911 2215 986 2278; x_wconf 91' lang='lat' dir='ltr'><strong>illud</strong></span> <span class='ocrx_word' id='word_1_208' title='bbox 1005 2216 1149 2296; x_wconf 89' lang='lat' dir='ltr'><strong>superius</strong></span> <span class='ocrx_word' id='word_1_209' title='bbox 1170 2238 1239 2278; x_wconf 83' lang='lat' dir='ltr'><strong>cunr</strong></span> <span class='ocrx_word' id='word_1_210' title='bbox 1258 2216 1445 2280; x_wconf 85' lang='lat' dir='ltr'><strong>Mithridate</strong></span> <span class='ocrx_word' id='word_1_211' title='bbox 1464 2215 1606 2298; x_wconf 86' lang='lat' dir='ltr'><strong>gessisse,</strong></span> 
     </span>
     <span class='ocr_line' id='line_1_21' title="bbox 294 2309 1608 2407; baseline -0.017 -16"><span class='ocrx_word' id='word_1_212' title='bbox 294 2343 466 2407; x_wconf 86' lang='lat' dir='ltr'><strong>onmesquc</strong></span> <span class='ocrx_word' id='word_1_213' title='bbox 490 2320 556 2407; x_wconf 73' lang='lat' dir='ltr'><strong>cius</strong></span> <span class='ocrx_word' id='word_1_214' title='bbox 574 2315 683 2396; x_wconf 88' lang='lat' dir='ltr'><strong>copias</strong></span> <span class='ocrx_word' id='word_1_215' title='bbox 700 2311 949 2393; x_wconf 82' lang='lat' dir='ltr'><strong>acerriummque</strong></span> <span class='ocrx_word' id='word_1_216' title='bbox 971 2310 1121 2391; x_wconf 91' lang='lat' dir='ltr'><strong>impetum</strong></span> <span class='ocrx_word' id='word_1_217' title='bbox 1143 2309 1325 2385; x_wconf 87' lang='lat' dir='ltr'><strong>moenibus,</strong></span> <span class='ocrx_word' id='word_1_218' title='bbox 1351 2310 1511 2374; x_wconf 81' lang='lat' dir='ltr'><strong>littoribus</strong></span> <span class='ocrx_word' id='word_1_219' title='bbox 1533 2309 1608 2370; x_wconf 89' lang='lat' dir='ltr'><strong>clas·</strong></span> 
     </span>
     <span class='ocr_line' id='line_1_22' title="bbox 294 2396 1609 2503; baseline -0.017 -18"><span class='ocrx_word' id='word_1_220' title='bbox 294 2422 447 2503; x_wconf 89' lang='lat' dir='ltr'><strong>sibusque</strong></span> <span class='ocrx_word' id='word_1_221' title='bbox 476 2413 539 2477; x_wconf 90' lang='lat' dir='ltr'><strong>suis</strong></span> <span class='ocrx_word' id='word_1_222' title='bbox 564 2407 738 2490; x_wconf 81' lang='lat' dir='ltr'><strong>excepisse.</strong></span> <span class='ocrx_word' id='word_1_223' title='bbox 796 2407 919 2468; x_wconf 89' lang='lat' dir='ltr'><strong>Eodem</strong></span> <span class='ocrx_word' id='word_1_224' title='bbox 951 2416 1114 2485; x_wconf 87' lang='lat' dir='ltr'><strong>tempore,</strong></span> <span class='ocrx_word' id='word_1_225' title='bbox 1148 2426 1219 2466; x_wconf 89' lang='lat' dir='ltr'><strong>cum</strong></span> <span class='ocrx_word' id='word_1_226' title='bbox 1244 2405 1392 2486; x_wconf 88' lang='lat' dir='ltr'><strong>prinecps</strong></span> <span class='ocrx_word' id='word_1_227' title='bbox 1421 2396 1609 2468; x_wconf 83' lang='lat' dir='ltr'><strong>Academiae</strong></span> 
     </span>
     <span class='ocr_line' id='line_1_23' title="bbox 294 2493 1609 2582; baseline -0.019 -2"><span class='ocrx_word' id='word_1_228' title='bbox 294 2515 391 2580; x_wconf 93' lang='lat' dir='ltr'><strong>Philo</strong></span> <span class='ocrx_word' id='word_1_229' title='bbox 414 2532 483 2573; x_wconf 91' lang='lat' dir='ltr'><strong>cum</strong></span> <span class='ocrx_word' id='word_1_230' title='bbox 505 2502 741 2572; x_wconf 86' lang='lat' dir='ltr'><strong>Atheniensium</strong></span> <span class='ocrx_word' id='word_1_231' title='bbox 762 2498 964 2582; x_wconf 87' lang='lat' dir='ltr'><strong>optimatibus</strong></span> <span class='ocrx_word' id='word_1_232' title='bbox 982 2497 1203 2561; x_wconf 87' lang='lat' dir='ltr'><strong>Mithridatico</strong></span> <span class='ocrx_word' id='word_1_233' title='bbox 1228 2498 1312 2560; x_wconf 89' lang='lat' dir='ltr'><strong>bello</strong></span> <span class='ocrx_word' id='word_1_234' title='bbox 1330 2499 1427 2560; x_wconf 94' lang='lat' dir='ltr'><strong>domo</strong></span> <span class='ocrx_word' id='word_1_235' title='bbox 1447 2493 1609 2577; x_wconf 81' lang='lat' dir='ltr'><strong>profugis·</strong></span> 
     </span>
     <span class='ocr_line' id='line_1_24' title="bbox 294 2590 1609 2682; baseline -0.017 -10"><span class='ocrx_word' id='word_1_236' title='bbox 294 2620 341 2673; x_wconf 88' lang='lat' dir='ltr'><strong>set</strong></span> <span class='ocrx_word' id='word_1_237' title='bbox 372 2607 569 2682; x_wconf 87' lang='lat' dir='ltr'><strong>Romamque</strong></span> <span class='ocrx_word' id='word_1_238' title='bbox 599 2596 754 2669; x_wconf 85' lang='lat' dir='ltr'><strong>venisset,</strong></span> <span class='ocrx_word' id='word_1_239' title='bbox 782 2605 884 2654; x_wconf 91' lang='lat' dir='ltr'><strong>totum</strong></span> <span class='ocrx_word' id='word_1_240' title='bbox 908 2592 937 2655; x_wconf 90' lang='lat' dir='ltr'><strong>ei</strong></span> <span class='ocrx_word' id='word_1_241' title='bbox 958 2613 992 2654; x_wconf 87' lang='lat' dir='ltr'><strong>se</strong></span> <span class='ocrx_word' id='word_1_242' title='bbox 1012 2591 1128 2655; x_wconf 88' lang='lat' dir='ltr'><strong>Cicero</strong></span> <span class='ocrx_word' id='word_1_243' title='bbox 1156 2590 1301 2665; x_wconf 83' lang='lat' dir='ltr'><strong>tradidit,</strong></span> <span class='ocrx_word' id='word_1_244' title='bbox 1331 2590 1509 2654; x_wconf 86' lang='lat' dir='ltr'><strong>admirabili</strong></span> <span class='ocrx_word' id='word_1_245' title='bbox 1532 2607 1609 2673; x_wconf 89' lang='lat' dir='ltr'><strong>quo-</strong></span> 
     </span>
     <span class='ocr_line' id='line_1_25' title="bbox 298 2681 1611 2777; baseline -0.016 -13"><span class='ocrx_word' id='word_1_246' title='bbox 298 2707 366 2764; x_wconf 92' lang='lat' dir='ltr'><strong>dam</strong></span> <span class='ocrx_word' id='word_1_247' title='bbox 390 2701 429 2760; x_wconf 86' lang='lat' dir='ltr'><strong>ad</strong></span> <span class='ocrx_word' id='word_1_248' title='bbox 456 2691 689 2777; x_wconf 86' lang='lat' dir='ltr'><strong>philosophiam</strong></span> <span class='ocrx_word' id='word_1_249' title='bbox 714 2686 819 2751; x_wconf 89' lang='lat' dir='ltr'><strong>studio</strong></span> <span class='ocrx_word' id='word_1_250' title='bbox 844 2686 1033 2760; x_wconf 86' lang='lat' dir='ltr'><strong>concitatus,</strong></span> <span class='ocrx_word' id='word_1_251' title='bbox 1059 2697 1092 2748; x_wconf 91' lang='lat' dir='ltr'><strong>ut</strong></span> <span class='ocrx_word' id='word_1_252' title='bbox 1116 2685 1184 2767; x_wconf 84' lang='lat' dir='ltr'><strong>ipse</strong></span> <span class='ocrx_word' id='word_1_253' title='bbox 1206 2685 1236 2747; x_wconf 90' lang='lat' dir='ltr'><strong>in</strong></span> <span class='ocrx_word' id='word_1_254' title='bbox 1267 2686 1371 2749; x_wconf 85' lang='lat' dir='ltr'><strong>Bruto</strong></span> <span class='ocrx_word' id='word_1_255' title='bbox 1389 2707 1460 2766; x_wconf 89' lang='lat' dir='ltr'><strong>cap.</strong></span> <span class='ocrx_word' id='word_1_256' title='bbox 1485 2684 1538 2748; x_wconf 81' lang='lat'><strong>89.</strong></span> <span class='ocrx_word' id='word_1_257' title='bbox 1562 2681 1611 2743; x_wconf 87' lang='lat' dir='ltr'><strong>ait.</strong></span> 
     </span>
     <span class='ocr_line' id='line_1_26' title="bbox 221 2776 1610 2866; baseline -0.019 -6"><span class='ocrx_word' id='word_1_258' title='bbox 221 2799 231 2827; x_wconf 85' lang='grc'><strong><em>”</em></strong></span> <span class='ocrx_word' id='word_1_259' title='bbox 295 2796 381 2860; x_wconf 88' lang='lat' dir='ltr'><strong>Hinc</strong></span> <span class='ocrx_word' id='word_1_260' title='bbox 403 2791 594 2856; x_wconf 84' lang='lat' dir='ltr'><strong>Plutarchus</strong></span> <span class='ocrx_word' id='word_1_261' title='bbox 612 2807 682 2866; x_wconf 91' lang='lat' dir='ltr'><strong>cap.</strong></span> <span class='ocrx_word' id='word_1_262' title='bbox 702 2784 732 2848; x_wconf 80' lang='lat'><strong>3.</strong></span> <span class='ocrx_word' id='word_1_263' title='bbox 754 2780 880 2854; x_wconf 86' lang='lat' dir='ltr'><strong>scribit,</strong></span> <span class='ocrx_word' id='word_1_264' title='bbox 906 2778 1111 2854; x_wconf 85' lang='lat' dir='ltr'><strong>Ciceronem,</strong></span> <span class='ocrx_word' id='word_1_265' title='bbox 1136 2800 1206 2840; x_wconf 93' lang='lat' dir='ltr'><strong>cum</strong></span> <span class='ocrx_word' id='word_1_266' title='bbox 1232 2799 1248 2839; x_wconf 89' lang='lat' dir='ltr'><strong>e</strong></span> <span class='ocrx_word' id='word_1_267' title='bbox 1273 2777 1384 2860; x_wconf 89' lang='lat' dir='ltr'><strong>pueris</strong></span> <span class='ocrx_word' id='word_1_268' title='bbox 1408 2776 1610 2847; x_wconf 84' lang='lat' dir='ltr'><strong>excessisset,</strong></span> 
     </span>
     <span class='ocr_line' id='line_1_27' title="bbox 298 2869 1613 2957; baseline -0.016 -4.217"><span class='ocrx_word' id='word_1_269' title='bbox 298 2888 466 2955; x_wconf 90' lang='lat' dir='ltr'><strong>Philonem</strong></span> <span class='ocrx_word' id='word_1_270' title='bbox 490 2878 712 2947; x_wconf 82' lang='lat' dir='ltr'><strong>Academicum</strong></span> <span class='ocrx_word' id='word_1_271' title='bbox 737 2873 909 2938; x_wconf 84' lang='lat' dir='ltr'><strong>audivisse:</strong></span> <span class='ocrx_word' id='word_1_272' title='bbox 932 2892 1023 2957; x_wconf 84' lang='lat' dir='ltr'><strong>quem</strong></span> <span class='ocrx_word' id='word_1_273' title='bbox 1043 2872 1125 2934; x_wconf 90' lang='lat' dir='ltr'><strong>inter</strong></span> <span class='ocrx_word' id='word_1_274' title='bbox 1146 2869 1336 2935; x_wconf 87' lang='lat' dir='ltr'><strong>Clitomachi</strong></span> <span class='ocrx_word' id='word_1_275' title='bbox 1354 2870 1528 2952; x_wconf 89' lang='lat' dir='ltr'><strong>discipulos</strong></span> <span class='ocrx_word' id='word_1_276' title='bbox 1548 2871 1613 2933; x_wconf 81' lang='lat' dir='ltr'><strong>Ilo-</strong></span> 
     </span>
    </p>

    <p class='ocr_par' dir='ltr' id='par_1_5' title="bbox 231 2964 1627 4920">
     <span class='ocr_line' id='line_1_28' title="bbox 299 2964 1612 3060; baseline -0.019 -15"><span class='ocrx_word' id='word_1_277' title='bbox 299 2981 380 3049; x_wconf 76' lang='lat' dir='ltr'><strong>inani</strong></span> <span class='ocrx_word' id='word_1_278' title='bbox 404 2981 434 3042; x_wconf 93' lang='lat' dir='ltr'><strong>in</strong></span> <span class='ocrx_word' id='word_1_279' title='bbox 457 2975 566 3060; x_wconf 91' lang='lat' dir='ltr'><strong>primis</strong></span> <span class='ocrx_word' id='word_1_280' title='bbox 589 2986 620 3037; x_wconf 88' lang='lat' dir='ltr'><strong>et</strong></span> <span class='ocrx_word' id='word_1_281' title='bbox 647 2982 782 3055; x_wconf 86' lang='lat' dir='ltr'><strong>propter</strong></span> <span class='ocrx_word' id='word_1_282' title='bbox 804 2964 976 3031; x_wconf 88' lang='lat' dir='ltr'><strong>doctrinam</strong></span> <span class='ocrx_word' id='word_1_283' title='bbox 1006 2965 1254 3040; x_wconf 81' lang='lat' dir='ltr'><strong>admirabantur,</strong></span> <span class='ocrx_word' id='word_1_284' title='bbox 1279 2975 1310 3027; x_wconf 86' lang='lat' dir='ltr'><strong>et</strong></span> <span class='ocrx_word' id='word_1_285' title='bbox 1330 2975 1465 3047; x_wconf 89' lang='lat' dir='ltr'><strong>propter</strong></span> <span class='ocrx_word' id='word_1_286' title='bbox 1490 2983 1612 3026; x_wconf 88' lang='lat' dir='ltr'><strong>morum</strong></span> 
     </span>
     <span class='ocr_line' id='line_1_29' title="bbox 298 3056 1613 3149; baseline -0.016 -11"><span class='ocrx_word' id='word_1_287' title='bbox 298 3071 562 3145; x_wconf 74' lang='lat' dir='ltr'><strong>mansuetudinem</strong></span> <span class='ocrx_word' id='word_1_288' title='bbox 592 3065 774 3149; x_wconf 85' lang='lat' dir='ltr'><strong>diligebant.</strong></span> <span class='ocrx_word' id='word_1_289' title='bbox 816 3060 982 3125; x_wconf 87' lang='lat' dir='ltr'><strong>Philonem</strong></span> <span class='ocrx_word' id='word_1_290' title='bbox 1012 3059 1112 3143; x_wconf 84' lang='lat' dir='ltr'><strong>igitur</strong></span> <span class='ocrx_word' id='word_1_291' title='bbox 1146 3056 1262 3123; x_wconf 87' lang='lat' dir='ltr'><strong>Cicero</strong></span> <span class='ocrx_word' id='word_1_292' title='bbox 1290 3057 1347 3124; x_wconf 91' lang='lat' dir='ltr'><strong>lib.</strong></span> <span class='ocrx_word' id='word_1_293' title='bbox 1375 3059 1404 3126; x_wconf 90' lang='lat' dir='ltr'><strong>I.</strong></span> <span class='ocrx_word' id='word_1_294' title='bbox 1425 3079 1495 3139; x_wconf 85' lang='lat' dir='ltr'><strong>cap.</strong></span> <span class='ocrx_word' id='word_1_295' title='bbox 1523 3056 1554 3121; x_wconf 80' lang='lat'><strong>2.</strong></span> <span class='ocrx_word' id='word_1_296' title='bbox 1576 3059 1613 3118; x_wconf 92' lang='lat' dir='ltr'><strong>de</strong></span> 
     </span>
     <span class='ocr_line' id='line_1_30' title="bbox 298 3134 1612 3238; baseline -0.019 -3"><span class='ocrx_word' id='word_1_297' title='bbox 298 3164 419 3235; x_wconf 81' lang='lat' dir='ltr'><strong>Natura</strong></span> <span class='ocrx_word' id='word_1_298' title='bbox 448 3166 551 3228; x_wconf 88' lang='lat' dir='ltr'><strong>Deor.</strong></span> <span class='ocrx_word' id='word_1_299' title='bbox 568 3159 651 3224; x_wconf 89' lang='lat' dir='ltr'><strong>inter</strong></span> <span class='ocrx_word' id='word_1_300' title='bbox 668 3179 724 3221; x_wconf 88' lang='lat' dir='ltr'><strong>eos</strong></span> <span class='ocrx_word' id='word_1_301' title='bbox 748 3154 960 3238; x_wconf 89' lang='lat' dir='ltr'><strong>philosophos</strong></span> <span class='ocrx_word' id='word_1_302' title='bbox 989 3164 1149 3227; x_wconf 88' lang='lat' dir='ltr'><strong>numerat,</strong></span> <span class='ocrx_word' id='word_1_303' title='bbox 1174 3174 1191 3214; x_wconf 88' lang='lat' dir='ltr'><strong>a</strong></span> <span class='ocrx_word' id='word_1_304' title='bbox 1216 3151 1330 3235; x_wconf 81' lang='lat' dir='ltr'><strong>qrribus</strong></span> <span class='ocrx_word' id='word_1_305' title='bbox 1357 3134 1517 3215; x_wconf 76' lang='lat' dir='ltr'><strong>institutus</strong></span> <span class='ocrx_word' id='word_1_306' title='bbox 1538 3149 1612 3223; x_wconf 82' lang='lat' dir='ltr'><strong>Iuit3</strong></span> 
     </span>
     <span class='ocr_line' id='line_1_31' title="bbox 298 3246 1614 3332; baseline -0.018 -5"><span class='ocrx_word' id='word_1_307' title='bbox 298 3265 468 3325; x_wconf 87' lang='lat' dir='ltr'><strong>decadem</strong></span> <span class='ocrx_word' id='word_1_308' title='bbox 491 3249 818 3332; x_wconf 85' lang='lat' dir='ltr'><strong>inannllocap.6.</strong></span> <span class='ocrx_word' id='word_1_309' title='bbox 861 3250 936 3310; x_wconf 86' lang='lat' dir='ltr'><strong>Iam</strong></span> <span class='ocrx_word' id='word_1_310' title='bbox 964 3247 1174 3309; x_wconf 83' lang='lat' dir='ltr'><strong>Clitomacho</strong></span> <span class='ocrx_word' id='word_1_311' title='bbox 1205 3246 1300 3307; x_wconf 83' lang='lat' dir='ltr'><strong>Philo</strong></span> <span class='ocrx_word' id='word_1_312' title='bbox 1331 3254 1445 3308; x_wconf 81' lang='lat' dir='ltr'><strong>noster</strong></span> <span class='ocrx_word' id='word_1_313' title='bbox 1475 3263 1614 3313; x_wconf 83' lang='lat' dir='ltr'><strong>operam</strong></span> 
     </span>
     <span class='ocr_line' id='line_1_32' title="bbox 298 3330 1614 3422; baseline -0.022 0"><span class='ocrx_word' id='word_1_314' title='bbox 298 3359 424 3422; x_wconf 84' lang='lat' dir='ltr'><strong>multos</strong></span> <span class='ocrx_word' id='word_1_315' title='bbox 459 3370 564 3415; x_wconf 84' lang='lat' dir='ltr'><strong>annos</strong></span> <span class='ocrx_word' id='word_1_316' title='bbox 599 3346 697 3410; x_wconf 82' lang='lat' dir='ltr'><strong>dedit.</strong></span> <span class='ocrx_word' id='word_1_317' title='bbox 740 3342 876 3405; x_wconf 85' lang='lat' dir='ltr'><strong>Philone</strong></span> <span class='ocrx_word' id='word_1_318' title='bbox 904 3344 1018 3398; x_wconf 85' lang='lat' dir='ltr'><strong>autern</strong></span> <span class='ocrx_word' id='word_1_319' title='bbox 1050 3339 1122 3398; x_wconf 79' lang='lat' dir='ltr'><strong>vivo</strong></span> <span class='ocrx_word' id='word_1_320' title='bbox 1152 3335 1384 3415; x_wconf 81' lang='lat' dir='ltr'><strong>patrocinium</strong></span> <span class='ocrx_word' id='word_1_321' title='bbox 1412 3330 1614 3398; x_wconf 77' lang='lat' dir='ltr'><strong>Academiae</strong></span> 
     </span>
     <span class='ocr_line' id='line_1_33' title="bbox 298 3425 1614 3521; baseline -0.022 -9"><span class='ocrx_word' id='word_1_322' title='bbox 298 3469 366 3512; x_wconf 86' lang='lat' dir='ltr'><strong>non</strong></span> <span class='ocrx_word' id='word_1_323' title='bbox 400 3442 519 3521; x_wconf 84' lang='lat' dir='ltr'><strong>defuit.</strong></span> <span class='ocrx_word' id='word_1_324' title='bbox 574 3437 742 3500; x_wconf 88' lang='lat' dir='ltr'><strong>Phaedrus</strong></span> <span class='ocrx_word' id='word_1_325' title='bbox 771 3449 898 3512; x_wconf 80' lang='lat' dir='ltr'><strong>qnoque</strong></span> <span class='ocrx_word' id='word_1_326' title='bbox 922 3425 1090 3502; x_wconf 85' lang='lat' dir='ltr'><strong>Ciceroni,</strong></span> <span class='ocrx_word' id='word_1_327' title='bbox 1128 3448 1197 3488; x_wconf 89' lang='lat' dir='ltr'><strong>eum</strong></span> <span class='ocrx_word' id='word_1_328' title='bbox 1220 3446 1299 3506; x_wconf 76' lang='lat' dir='ltr'><strong>pum</strong></span> <span class='ocrx_word' id='word_1_329' title='bbox 1318 3435 1420 3500; x_wconf 85' lang='lat' dir='ltr'><strong>esset,</strong></span> <span class='ocrx_word' id='word_1_330' title='bbox 1448 3436 1614 3509; x_wconf 84' lang='lat' dir='ltr'><strong>antequam</strong></span> 
     </span>
     <span class='ocr_line' id='line_1_34' title="bbox 299 3518 1616 3613; baseline -0.017 -10"><span class='ocrx_word' id='word_1_331' title='bbox 299 3538 467 3603; x_wconf 89' lang='lat' dir='ltr'><strong>Philonem</strong></span> <span class='ocrx_word' id='word_1_332' title='bbox 488 3529 711 3613; x_wconf 85' lang='lat' dir='ltr'><strong>cognovisset,</strong></span> <span class='ocrx_word' id='word_1_333' title='bbox 747 3525 838 3586; x_wconf 86' lang='lat' dir='ltr'><strong>valde</strong></span> <span class='ocrx_word' id='word_1_334' title='bbox 864 3532 896 3582; x_wconf 89' lang='lat' dir='ltr'><strong>nt</strong></span> <span class='ocrx_word' id='word_1_335' title='bbox 921 3519 1131 3602; x_wconf 87' lang='lat' dir='ltr'><strong>philosophus</strong></span> <span class='ocrx_word' id='word_1_336' title='bbox 1163 3520 1316 3601; x_wconf 73' lang='lat' dir='ltr'><strong>probatus</strong></span> <span class='ocrx_word' id='word_1_337' title='bbox 1344 3519 1421 3593; x_wconf 83' lang='lat' dir='ltr'><strong>luit,</strong></span> <span class='ocrx_word' id='word_1_338' title='bbox 1460 3518 1557 3600; x_wconf 86' lang='lat' dir='ltr'><strong>epist.</strong></span> <span class='ocrx_word' id='word_1_339' title='bbox 1587 3519 1616 3580; x_wconf 90' lang='grc'><strong>1.</strong></span> 
     </span>
     <span class='ocr_line' id='line_1_35' title="bbox 302 3611 1615 3700; baseline -0.018 -4"><span class='ocrx_word' id='word_1_340' title='bbox 302 3633 359 3697; x_wconf 90' lang='lat' dir='ltr'><strong>lib.</strong></span> <span class='ocrx_word' id='word_1_341' title='bbox 375 3628 478 3694; x_wconf 85' lang='lat' dir='ltr'><strong>XIII.</strong></span> <span class='ocrx_word' id='word_1_342' title='bbox 494 3628 531 3688; x_wconf 88' lang='lat' dir='ltr'><strong>ad</strong></span> <span class='ocrx_word' id='word_1_343' title='bbox 547 3622 660 3688; x_wconf 89' lang='lat' dir='ltr'><strong>Famil.</strong></span> <span class='ocrx_word' id='word_1_344' title='bbox 679 3620 807 3683; x_wconf 87' lang='lat' dir='ltr'><strong>Merito</strong></span> <span class='ocrx_word' id='word_1_345' title='bbox 822 3612 920 3700; x_wconf 88' lang='lat' dir='ltr'><strong>igitur</strong></span> <span class='ocrx_word' id='word_1_346' title='bbox 939 3612 997 3676; x_wconf 92' lang='lat' dir='ltr'><strong>lib.</strong></span> <span class='ocrx_word' id='word_1_347' title='bbox 1025 3617 1049 3676; x_wconf 91' lang='lat' dir='ltr'><strong>l.</strong></span> <span class='ocrx_word' id='word_1_348' title='bbox 1070 3636 1141 3695; x_wconf 89' lang='lat' dir='ltr'><strong>cap.</strong></span> <span class='ocrx_word' id='word_1_349' title='bbox 1162 3614 1194 3675; x_wconf 83' lang='grc'><strong>3.</strong></span> <span class='ocrx_word' id='word_1_350' title='bbox 1215 3614 1252 3674; x_wconf 92' lang='lat' dir='ltr'><strong>de</strong></span> <span class='ocrx_word' id='word_1_351' title='bbox 1274 3612 1396 3673; x_wconf 88' lang='lat' dir='ltr'><strong>Natura</strong></span> <span class='ocrx_word' id='word_1_352' title='bbox 1412 3612 1455 3675; x_wconf 92' lang='lat' dir='ltr'><strong>D.</strong></span> <span class='ocrx_word' id='word_1_353' title='bbox 1470 3611 1615 3694; x_wconf 87' lang='lat' dir='ltr'><strong>scripsit,</strong></span> 
     </span>
     <span class='ocr_line' id='line_1_36' title="bbox 299 3703 1618 3796; baseline -0.02 -6"><span class='ocrx_word' id='word_1_354' title='bbox 299 3747 363 3790; x_wconf 90' lang='lat' dir='ltr'><strong>non</strong></span> <span class='ocrx_word' id='word_1_355' title='bbox 384 3720 572 3785; x_wconf 86' lang='lat' dir='ltr'><strong>mediocrem</strong></span> <span class='ocrx_word' id='word_1_356' title='bbox 600 3739 633 3779; x_wconf 87' lang='lat' dir='ltr'><strong>se</strong></span> <span class='ocrx_word' id='word_1_357' title='bbox 654 3713 794 3796; x_wconf 86' lang='lat' dir='ltr'><strong>aprimo</strong></span> <span class='ocrx_word' id='word_1_358' title='bbox 818 3722 960 3790; x_wconf 88' lang='lat' dir='ltr'><strong>tempore</strong></span> <span class='ocrx_word' id='word_1_359' title='bbox 981 3706 1092 3771; x_wconf 86' lang='lat' dir='ltr'><strong>aetatis</strong></span> <span class='ocrx_word' id='word_1_360' title='bbox 1116 3707 1146 3769; x_wconf 92' lang='lat' dir='ltr'><strong>in</strong></span> <span class='ocrx_word' id='word_1_361' title='bbox 1171 3703 1390 3789; x_wconf 86' lang='lat' dir='ltr'><strong>philosophiae</strong></span> <span class='ocrx_word' id='word_1_362' title='bbox 1410 3704 1516 3768; x_wconf 87' lang='lat' dir='ltr'><strong>studio</strong></span> <span class='ocrx_word' id='word_1_363' title='bbox 1541 3725 1618 3786; x_wconf 91' lang='lat' dir='ltr'><strong>ope·</strong></span> 
     </span>
     <span class='ocr_line' id='line_1_37' title="bbox 299 3798 1614 3898; baseline -0.021 -14"><span class='ocrx_word' id='word_1_364' title='bbox 299 3841 367 3884; x_wconf 91' lang='lat' dir='ltr'><strong>ram</strong></span> <span class='ocrx_word' id='word_1_365' title='bbox 388 3834 559 3898; x_wconf 88' lang='lat' dir='ltr'><strong>curamque</strong></span> <span class='ocrx_word' id='word_1_366' title='bbox 576 3806 825 3890; x_wconf 87' lang='lat' dir='ltr'><strong>consumpsisse:</strong></span> <span class='ocrx_word' id='word_1_367' title='bbox 849 3803 880 3864; x_wconf 93' lang='lat' dir='ltr'><strong>in</strong></span> <span class='ocrx_word' id='word_1_368' title='bbox 903 3823 967 3884; x_wconf 90' lang='lat' dir='ltr'><strong>quo</strong></span> <span class='ocrx_word' id='word_1_369' title='bbox 990 3802 1051 3862; x_wconf 91' lang='lat' dir='ltr'><strong>hoc</strong></span> <span class='ocrx_word' id='word_1_370' title='bbox 1069 3799 1159 3862; x_wconf 90' lang='lat' dir='ltr'><strong>etiam</strong></span> <span class='ocrx_word' id='word_1_371' title='bbox 1178 3799 1435 3860; x_wconf 89' lang='lat' dir='ltr'><strong>commorabatur</strong></span> <span class='ocrx_word' id='word_1_372' title='bbox 1452 3798 1614 3884; x_wconf 87' lang='lat' dir='ltr'><strong>attentius,</strong></span> 
     </span>
     <span class='ocr_line' id='line_1_38' title="bbox 300 3888 1618 3997; baseline -0.02 -21"><span class='ocrx_word' id='word_1_373' title='bbox 300 3914 387 3997; x_wconf 82' lang='lat' dir='ltr'><strong>qrtod</strong></span> <span class='ocrx_word' id='word_1_374' title='bbox 410 3907 531 3972; x_wconf 86' lang='lat' dir='ltr'><strong>sublata</strong></span> <span class='ocrx_word' id='word_1_375' title='bbox 548 3905 608 3968; x_wconf 89' lang='lat' dir='ltr'><strong>iam</strong></span> <span class='ocrx_word' id='word_1_376' title='bbox 635 3901 752 3967; x_wconf 83' lang='lat' dir='ltr'><strong>esseio</strong></span> <span class='ocrx_word' id='word_1_377' title='bbox 778 3907 962 3980; x_wconf 90' lang='lat' dir='ltr'><strong>perpetuum</strong></span> <span class='ocrx_word' id='word_1_378' title='bbox 986 3893 1067 3957; x_wconf 91' lang='lat' dir='ltr'><strong>ratio</strong></span> <span class='ocrx_word' id='word_1_379' title='bbox 1089 3892 1275 3955; x_wconf 86' lang='lat' dir='ltr'><strong>iudicIorum</strong></span> <span class='ocrx_word' id='word_1_380' title='bbox 1299 3891 1484 3964; x_wconf 74' lang='lat' dir='ltr'><strong>videbatur,</strong></span> <span class='ocrx_word' id='word_1_381' title='bbox 1520 3903 1555 3954; x_wconf 90' lang='lat' dir='ltr'><strong>ut</strong></span> <span class='ocrx_word' id='word_1_382' title='bbox 1576 3888 1618 3950; x_wconf 89' lang='lat' dir='ltr'><strong>ait</strong></span> 
     </span>
     <span class='ocr_line' id='line_1_39' title="bbox 297 3985 1620 4082; baseline -0.018 -11"><span class='ocrx_word' id='word_1_383' title='bbox 297 4006 332 4071; x_wconf 91' lang='lat' dir='ltr'><strong>in</strong></span> <span class='ocrx_word' id='word_1_384' title='bbox 354 4007 457 4070; x_wconf 88' lang='lat' dir='ltr'><strong>Bruto</strong></span> <span class='ocrx_word' id='word_1_385' title='bbox 481 4022 551 4082; x_wconf 91' lang='lat' dir='ltr'><strong>cap.</strong></span> <span class='ocrx_word' id='word_1_386' title='bbox 570 4000 623 4062; x_wconf 90' lang='grc'><strong>80.</strong></span> <span class='ocrx_word' id='word_1_387' title='bbox 666 3998 741 4059; x_wconf 88' lang='lat' dir='ltr'><strong>Hoc</strong></span> <span class='ocrx_word' id='word_1_388' title='bbox 760 3992 851 4055; x_wconf 90' lang='lat' dir='ltr'><strong>etiam</strong></span> <span class='ocrx_word' id='word_1_389' title='bbox 870 4010 969 4062; x_wconf 92' lang='lat' dir='ltr'><strong>anno,</strong></span> <span class='ocrx_word' id='word_1_390' title='bbox 994 3999 1027 4048; x_wconf 92' lang='lat' dir='ltr'><strong>ut</strong></span> <span class='ocrx_word' id='word_1_391' title='bbox 1044 3988 1103 4048; x_wconf 91' lang='lat' dir='ltr'><strong>iam</strong></span> <span class='ocrx_word' id='word_1_392' title='bbox 1124 3985 1318 4061; x_wconf 88' lang='lat' dir='ltr'><strong>rettuliums,</strong></span> <span class='ocrx_word' id='word_1_393' title='bbox 1342 3985 1384 4065; x_wconf 83' lang='lat' dir='ltr'><strong>Q.</strong></span> <span class='ocrx_word' id='word_1_394' title='bbox 1404 3986 1533 4048; x_wconf 85' lang='lat' dir='ltr'><strong>Mucius</strong></span> <span class='ocrx_word' id='word_1_395' title='bbox 1550 3985 1620 4047; x_wconf 86' lang='lat' dir='ltr'><strong>Au·</strong></span> 
     </span>
     <span class='ocr_line' id='line_1_40' title="bbox 302 4079 1620 4184; baseline -0.017 -24"><span class='ocrx_word' id='word_1_396' title='bbox 302 4121 363 4184; x_wconf 84' lang='lat' dir='ltr'><strong>gur</strong></span> <span class='ocrx_word' id='word_1_397' title='bbox 388 4093 493 4158; x_wconf 85' lang='lat' dir='ltr'><strong>Laelii</strong></span> <span class='ocrx_word' id='word_1_398' title='bbox 521 4096 559 4155; x_wconf 91' lang='lat' dir='ltr'><strong>de</strong></span> <span class='ocrx_word' id='word_1_399' title='bbox 590 4088 722 4152; x_wconf 81' lang='lat' dir='ltr'><strong>auricitia</strong></span> <span class='ocrx_word' id='word_1_400' title='bbox 750 4103 926 4147; x_wconf 89' lang='lat' dir='ltr'><strong>sermonem</strong></span> <span class='ocrx_word' id='word_1_401' title='bbox 951 4079 1090 4142; x_wconf 90' lang='lat' dir='ltr'><strong>habitum</strong></span> <span class='ocrx_word' id='word_1_402' title='bbox 1118 4081 1156 4143; x_wconf 92' lang='lat' dir='ltr'><strong>ab</strong></span> <span class='ocrx_word' id='word_1_403' title='bbox 1189 4079 1244 4141; x_wconf 93' lang='lat' dir='ltr'><strong>illo</strong></span> <span class='ocrx_word' id='word_1_404' title='bbox 1271 4079 1376 4159; x_wconf 87' lang='lat' dir='ltr'><strong>paucis</strong></span> <span class='ocrx_word' id='word_1_405' title='bbox 1405 4080 1515 4142; x_wconf 89' lang='lat' dir='ltr'><strong>diebus</strong></span> <span class='ocrx_word' id='word_1_406' title='bbox 1544 4089 1620 4160; x_wconf 89' lang='lat' dir='ltr'><strong>post</strong></span> 
     </span>
     <span class='ocr_line' id='line_1_41' title="bbox 301 4170 1620 4263; baseline -0.016 -8"><span class='ocrx_word' id='word_1_407' title='bbox 301 4202 436 4255; x_wconf 88' lang='lat' dir='ltr'><strong>mortem</strong></span> <span class='ocrx_word' id='word_1_408' title='bbox 460 4183 626 4258; x_wconf 87' lang='lat' dir='ltr'><strong>Africani,</strong></span> <span class='ocrx_word' id='word_1_409' title='bbox 655 4179 798 4263; x_wconf 87' lang='lat' dir='ltr'><strong>Aquillio</strong></span> <span class='ocrx_word' id='word_1_410' title='bbox 829 4188 859 4239; x_wconf 88' lang='lat' dir='ltr'><strong>et</strong></span> <span class='ocrx_word' id='word_1_411' title='bbox 892 4175 1051 4251; x_wconf 85' lang='lat' dir='ltr'><strong>&#39;I&#39;uditano</strong></span> <span class='ocrx_word' id='word_1_412' title='bbox 1077 4172 1275 4247; x_wconf 89' lang='lat' dir='ltr'><strong>consulibus,</strong></span> <span class='ocrx_word' id='word_1_413' title='bbox 1309 4193 1391 4235; x_wconf 86' lang='lat' dir='ltr'><strong>anno</strong></span> <span class='ocrx_word' id='word_1_414' title='bbox 1418 4170 1620 4236; x_wconf 70' lang='lat' dir='ltr'><strong>Dcxxtv.</strong></span> 
     </span>
     <span class='ocr_line' id='line_1_42' title="bbox 303 4265 1621 4361; baseline -0.017 -14"><span class='ocrx_word' id='word_1_415' title='bbox 303 4281 453 4348; x_wconf 89' lang='lat' dir='ltr'><strong>Ciceroni</strong></span> <span class='ocrx_word' id='word_1_416' title='bbox 478 4277 638 4361; x_wconf 82' lang='lat' dir='ltr'><strong>exposuit.</strong></span> <span class='ocrx_word' id='word_1_417' title='bbox 683 4277 819 4357; x_wconf 88' lang='lat' dir='ltr'><strong>Augure</strong></span> <span class='ocrx_word' id='word_1_418' title='bbox 845 4281 972 4333; x_wconf 83' lang='lat' dir='ltr'><strong>auortuo</strong></span> <span class='ocrx_word' id='word_1_419' title='bbox 1002 4266 1120 4330; x_wconf 89' lang='lat' dir='ltr'><strong>Cicero</strong></span> <span class='ocrx_word' id='word_1_420' title='bbox 1142 4287 1175 4327; x_wconf 86' lang='lat' dir='ltr'><strong>se</strong></span> <span class='ocrx_word' id='word_1_421' title='bbox 1198 4268 1239 4327; x_wconf 90' lang='lat' dir='ltr'><strong>ad</strong></span> <span class='ocrx_word' id='word_1_422' title='bbox 1266 4265 1307 4345; x_wconf 83' lang='lat' dir='ltr'><strong>Q.</strong></span> <span class='ocrx_word' id='word_1_423' title='bbox 1330 4267 1517 4329; x_wconf 80' lang='lat' dir='ltr'><strong>Scaevolam</strong></span> <span class='ocrx_word' id='word_1_424' title='bbox 1539 4288 1621 4349; x_wconf 89' lang='lat' dir='ltr'><strong>pon-</strong></span> 
     </span>
     <span class='ocr_line' id='line_1_43' title="bbox 303 4358 1619 4447; baseline -0.015 -7"><span class='ocrx_word' id='word_1_425' title='bbox 303 4377 418 4440; x_wconf 88' lang='lat' dir='ltr'><strong>tiliccm</strong></span> <span class='ocrx_word' id='word_1_426' title='bbox 441 4373 597 4439; x_wconf 81' lang='lat' dir='ltr'><strong>contulit:</strong></span> <span class='ocrx_word' id='word_1_427' title='bbox 621 4370 671 4433; x_wconf 89' lang='lat' dir='ltr'><strong>cui</strong></span> <span class='ocrx_word' id='word_1_428' title='bbox 682 4367 734 4430; x_wconf 84' lang='lat' dir='ltr'><strong>rei</strong></span> <span class='ocrx_word' id='word_1_429' title='bbox 746 4363 890 4447; x_wconf 90' lang='lat' dir='ltr'><strong>publicae</strong></span> <span class='ocrx_word' id='word_1_430' title='bbox 912 4374 942 4424; x_wconf 90' lang='lat' dir='ltr'><strong>et</strong></span> <span class='ocrx_word' id='word_1_431' title='bbox 960 4371 1084 4423; x_wconf 88' lang='lat' dir='ltr'><strong>senatus</strong></span> <span class='ocrx_word' id='word_1_432' title='bbox 1107 4358 1240 4442; x_wconf 88' lang='lat' dir='ltr'><strong>principi</strong></span> <span class='ocrx_word' id='word_1_433' title='bbox 1263 4380 1332 4439; x_wconf 82' lang='lat' dir='ltr'><strong>crim</strong></span> <span class='ocrx_word' id='word_1_434' title='bbox 1355 4379 1486 4440; x_wconf 89' lang='lat' dir='ltr'><strong>operam</strong></span> <span class='ocrx_word' id='word_1_435' title='bbox 1509 4362 1619 4435; x_wconf 83' lang='lat' dir='ltr'><strong>daret,</strong></span> 
     </span>
     <span class='ocr_line' id='line_1_44' title="bbox 304 4453 1620 4555; baseline -0.012 -22"><span class='ocrx_word' id='word_1_436' title='bbox 304 4470 424 4555; x_wconf 81' lang='lat' dir='ltr'><strong>peritos</strong></span> <span class='ocrx_word' id='word_1_437' title='bbox 443 4468 521 4532; x_wconf 86' lang='lat' dir='ltr'><strong>iuris</strong></span> <span class='ocrx_word' id='word_1_438' title='bbox 544 4464 661 4539; x_wconf 85' lang='lat' dir='ltr'><strong>evasit,</strong></span> <span class='ocrx_word' id='word_1_439' title='bbox 685 4458 923 4525; x_wconf 85' lang='lat' dir='ltr'><strong>ut&#39;Plutarchus</strong></span> <span class='ocrx_word' id='word_1_440' title='bbox 940 4477 1009 4537; x_wconf 91' lang='lat' dir='ltr'><strong>cap.</strong></span> <span class='ocrx_word' id='word_1_441' title='bbox 1026 4455 1056 4519; x_wconf 75' lang='grc'><strong>3.</strong></span> <span class='ocrx_word' id='word_1_442' title='bbox 1077 4453 1199 4516; x_wconf 88' lang='lat' dir='ltr'><strong>scribit.</strong></span> <span class='ocrx_word' id='word_1_443' title='bbox 1251 4455 1342 4518; x_wconf 89' lang='lat' dir='ltr'><strong>Unde</strong></span> <span class='ocrx_word' id='word_1_444' title='bbox 1362 4453 1495 4517; x_wconf 84' lang='lat' dir='ltr'><strong>Atticus·</strong></span> <span class='ocrx_word' id='word_1_445' title='bbox 1510 4455 1567 4518; x_wconf 90' lang='lat' dir='ltr'><strong>lib.</strong></span> <span class='ocrx_word' id='word_1_446' title='bbox 1590 4453 1620 4517; x_wconf 90' lang='lat' dir='ltr'><strong>I.</strong></span> 
     </span>
     <span class='ocr_line' id='line_1_45' title="bbox 306 4545 1622 4647; baseline -0.014 -19"><span class='ocrx_word' id='word_1_447' title='bbox 306 4586 376 4647; x_wconf 90' lang='lat' dir='ltr'><strong>cap.</strong></span> <span class='ocrx_word' id='word_1_448' title='bbox 399 4565 429 4627; x_wconf 83' lang='lat' dir='ltr'><strong>I.</strong></span> <span class='ocrx_word' id='word_1_449' title='bbox 452 4565 490 4626; x_wconf 89' lang='lat' dir='ltr'><strong>de</strong></span> <span class='ocrx_word' id='word_1_450' title='bbox 512 4564 620 4645; x_wconf 86' lang='lat' dir='ltr'><strong>chg.</strong></span> <span class='ocrx_word' id='word_1_451' title='bbox 640 4555 777 4620; x_wconf 79' lang='lat' dir='ltr'><strong>&#39;I&#39;ullium</strong></span> <span class='ocrx_word' id='word_1_452' title='bbox 800 4551 848 4615; x_wconf 83' lang='lat' dir='ltr'><strong>hie</strong></span> <span class='ocrx_word' id='word_1_453' title='bbox 869 4549 976 4611; x_wconf 84' lang='lat' dir='ltr'><strong>verbis</strong></span> <span class='ocrx_word' id='word_1_454' title='bbox 1002 4546 1131 4609; x_wconf 83' lang='lat' dir='ltr'><strong>affatur:</strong></span> <span class='ocrx_word' id='word_1_455' title='bbox 1161 4545 1252 4610; x_wconf 88' lang='lat' dir='ltr'><strong>Nam</strong></span> <span class='ocrx_word' id='word_1_456' title='bbox 1276 4548 1434 4628; x_wconf 85' lang='lat' dir='ltr'><strong>aprima</strong></span> <span class='ocrx_word' id='word_1_457' title='bbox 1469 4557 1622 4629; x_wconf 86' lang='lat' dir='ltr'><strong>tempore</strong></span> 
     </span>
     <span class='ocr_line' id='line_1_46' title="bbox 303 4637 1624 4721; baseline -0.019 1"><span class='ocrx_word' id='word_1_458' title='bbox 303 4659 426 4721; x_wconf 86' lang='lat' dir='ltr'><strong>aetatis</strong></span> <span class='ocrx_word' id='word_1_459' title='bbox 456 4657 525 4719; x_wconf 83' lang='lat' dir='ltr'><strong>iuri</strong></span> <span class='ocrx_word' id='word_1_460' title='bbox 545 4653 675 4717; x_wconf 82' lang='lat' dir='ltr'><strong>studere</strong></span> <span class='ocrx_word' id='word_1_461' title='bbox 696 4658 728 4712; x_wconf 84' lang='lat' dir='ltr'><strong>te</strong></span> <span class='ocrx_word' id='word_1_462' title='bbox 750 4646 903 4716; x_wconf 84' lang='lat' dir='ltr'><strong>memini,</strong></span> <span class='ocrx_word' id='word_1_463' title='bbox 926 4661 1005 4703; x_wconf 86' lang='lat' dir='ltr'><strong>eum</strong></span> <span class='ocrx_word' id='word_1_464' title='bbox 1028 4642 1097 4720; x_wconf 89' lang='lat' dir='ltr'><strong>ipse</strong></span> <span class='ocrx_word' id='word_1_465' title='bbox 1125 4643 1229 4703; x_wconf 82' lang='lat' dir='ltr'><strong>etiam</strong></span> <span class='ocrx_word' id='word_1_466' title='bbox 1249 4637 1297 4699; x_wconf 81' lang='lat' dir='ltr'><strong>ad</strong></span> <span class='ocrx_word' id='word_1_467' title='bbox 1319 4638 1525 4701; x_wconf 82' lang='lat' dir='ltr'><strong>Scaevolam</strong></span> <span class='ocrx_word' id='word_1_468' title='bbox 1550 4658 1624 4702; x_wconf 82' lang='lat' dir='ltr'><strong>ven·</strong></span> 
     </span>
     <span class='ocr_line' id='line_1_47' title="bbox 304 4726 1624 4827; baseline -0.018 -16"><span class='ocrx_word' id='word_1_469' title='bbox 304 4752 458 4823; x_wconf 78' lang='lat' dir='ltr'><strong>litarem3</strong></span> <span class='ocrx_word' id='word_1_470' title='bbox 478 4765 584 4827; x_wconf 80' lang='lat' dir='ltr'><strong>neque</strong></span> <span class='ocrx_word' id='word_1_471' title='bbox 600 4759 750 4822; x_wconf 67' lang='lat' dir='ltr'><strong>uinquam</strong></span> <span class='ocrx_word' id='word_1_472' title='bbox 771 4735 854 4796; x_wconf 84' lang='lat' dir='ltr'><strong>mihi</strong></span> <span class='ocrx_word' id='word_1_473' title='bbox 877 4734 965 4795; x_wconf 82' lang='lat' dir='ltr'><strong>risus</strong></span> <span class='ocrx_word' id='word_1_474' title='bbox 987 4750 1021 4793; x_wconf 87' lang='lat' dir='ltr'><strong>es</strong></span> <span class='ocrx_word' id='word_1_475' title='bbox 1041 4732 1135 4793; x_wconf 87' lang='lat' dir='ltr'><strong>itate</strong></span> <span class='ocrx_word' id='word_1_476' title='bbox 1155 4726 1395 4791; x_wconf 81' lang='lat' dir='ltr'><strong>addicendum</strong></span> <span class='ocrx_word' id='word_1_477' title='bbox 1416 4726 1562 4804; x_wconf 67' lang='lat' dir='ltr'><strong>dedisse,</strong></span> <span class='ocrx_word' id='word_1_478' title='bbox 1586 4738 1624 4789; x_wconf 86' lang='lat' dir='ltr'><strong>ut</strong></span> 
     </span>
     <span class='ocr_line' id='line_1_48' title="bbox 231 4817 1627 4920; baseline -0.02 -15"><span class='ocrx_word' id='word_1_479' title='bbox 231 4917 233 4920; x_wconf 17' lang='lat'>¹</span> <span class='ocrx_word' id='word_1_480' title='bbox 305 4824 364 4903; x_wconf 68' lang='lat' dir='ltr'><strong>ius</strong></span> <span class='ocrx_word' id='word_1_481' title='bbox 379 4836 479 4900; x_wconf 85' lang='lat' dir='ltr'><strong>civile</strong></span> <span class='ocrx_word' id='word_1_482' title='bbox 497 4842 738 4904; x_wconf 73' lang='lat' dir='ltr'><strong>contemneres,</strong></span> <span class='ocrx_word' id='word_1_483' title='bbox 759 4837 790 4888; x_wconf 84' lang='lat' dir='ltr'><strong>at</strong></span> <span class='ocrx_word' id='word_1_484' title='bbox 807 4825 925 4886; x_wconf 88' lang='lat' dir='ltr'><strong>Brutus</strong></span> <span class='ocrx_word' id='word_1_485' title='bbox 951 4823 990 4882; x_wconf 88' lang='lat' dir='ltr'><strong>de</strong></span> <span class='ocrx_word' id='word_1_486' title='bbox 1009 4818 1104 4883; x_wconf 84' lang='lat' dir='ltr'><strong>claris</strong></span> <span class='ocrx_word' id='word_1_487' title='bbox 1126 4821 1259 4885; x_wconf 83' lang='lat' dir='ltr'><strong>Orator.</strong></span> <span class='ocrx_word' id='word_1_488' title='bbox 1283 4832 1352 4897; x_wconf 81' lang='lat' dir='ltr'><strong>cap.</strong></span> <span class='ocrx_word' id='word_1_489' title='bbox 1375 4819 1427 4879; x_wconf 78' lang='lat' dir='ltr'><strong>to.</strong></span> <span class='ocrx_word' id='word_1_490' title='bbox 1463 4817 1517 4879; x_wconf 83' lang='lat' dir='ltr'><strong>Ta</strong></span> <span class='ocrx_word' id='word_1_491' title='bbox 1538 4819 1627 4880; x_wconf 83' lang='lat' dir='ltr'><strong>mibi</strong></span> 
     </span>
    </p>

    <p class='ocr_par' dir='ltr' id='par_1_6' title="bbox 306 4911 1625 4995">
     <span class='ocr_line' id='line_1_49' title="bbox 306 4911 1625 4995; baseline -0.019 0"><span class='ocrx_word' id='word_1_492' title='bbox 306 4927 425 4995; x_wconf 81' lang='lat' dir='ltr'><strong>rideris</strong></span> <span class='ocrx_word' id='word_1_493' title='bbox 459 4933 593 4989; x_wconf 89' lang='lat' dir='ltr'><strong>tantum</strong></span> <span class='ocrx_word' id='word_1_494' title='bbox 629 4923 712 4985; x_wconf 85' lang='lat' dir='ltr'><strong>iaris</strong></span> <span class='ocrx_word' id='word_1_495' title='bbox 750 4921 859 4983; x_wconf 81' lang='lat' dir='ltr'><strong>civilis</strong></span> <span class='ocrx_word' id='word_1_496' title='bbox 893 4915 979 4977; x_wconf 86' lang='lat' dir='ltr'><strong>scire</strong></span> <span class='ocrx_word' id='word_1_497' title='bbox 1019 4912 1182 4991; x_wconf 75' lang='lat' dir='ltr'><strong>coluisse,</strong></span> <span class='ocrx_word' id='word_1_498' title='bbox 1223 4919 1386 4994; x_wconf 71' lang='lat' dir='ltr'><strong>quantum</strong></span> <span class='ocrx_word' id='word_1_499' title='bbox 1419 4911 1504 4972; x_wconf 80' lang='lat' dir='ltr'><strong>satis</strong></span> <span class='ocrx_word' id='word_1_500' title='bbox 1539 4917 1625 4972; x_wconf 83' lang='lat' dir='ltr'><strong>esset</strong></span> 
     </span>
    </p>
   </div>
   <div class='ocr_carea' id='block_1_5' title="bbox 0 0 1686 5578">
    <p class='ocr_par' dir='ltr' id='par_1_7' title="bbox 0 0 1686 5578">
     <span class='ocr_line' id='line_1_50' title="bbox 0 0 1686 5578; baseline 0 0"><span class='ocrx_word' id='word_1_501' title='bbox 0 0 1686 5578; x_wconf 95' lang='lat' dir='ltr'><strong> </strong></span> 
     </span>
    </p>
   </div>
  </div>
 </body>
</html>
