3322 5578
305 346 347 414 ss
488 432 490 443 1
659 314 668 323 ’
716 346 770 415 n.
798 342 963 459 snnnn
990 341 1245 419 ctcnnonts

305 514 395 570 ctam,
426 489 479 556 din
501 489 648 557 omnibus
670 491 822 556 machinis
840 503 1066 580 ,oppugnatum
1089 491 1226 578 septimo
1247 503 1280 558 et
1299 491 1560 581 quinquagesimo
1578 494 1619 562 dis

193 580 211 587 ”
306 585 412 668 cepit,
436 586 658 651 Saturnalibus
681 606 793 661 mane;
816 586 913 671 epist.
936 588 991 652 10.
1013 587 1070 652 lib.
1094 590 1139 654 V.
1161 591 1203 653 ad
1223 587 1326 654 Attin.
1349 600 1382 653 et
1402 588 1496 671 epist.
1519 589 1618 654 ntis.

303 681 387 745 XV.
409 682 450 767 ad
472 680 586 745 Famil.
630 680 823 746 Pindenisso
847 693 943 764 capto
974 680 1150 746 exercitum
1178 681 1210 745 in
1239 681 1372 745 biberna
1396 681 1513 747 dimisit
1529 682 1619 768 iisque

303 774 456 857 Quintum
478 768 618 845 ¹lrateein
635 774 856 858 ·praeposnit;
888 776 985 858 epist.
1014 777 1046 839 t.
1077 776 1136 840 lib.
1158 776 1242 842 XV.
1272 778 1311 840 ad
1332 776 1425 839 Fam.
1477 776 1620 841 Extremo

301 869 367 933 boc
387 889 472 934 anno
495 865 615 934 Cicero
638 871 679 933 ad
701 867 878 934 Curionem
906 869 991 934 misit
1018 891 1073 953 ep.
1105 874 1137 934 7.
1160 870 1216 936 lib.
1238 871 1289 935 11.
1312 873 1354 935 ad
1375 871 1489 946 Fam„
1520 871 1552 934 in
1570 891 1621 955 qua

300 961 349 1027 illi
370 965 410 1028 de
433 963 596 1028 tribunatu
619 963 721 1048 plebis
745 964 940 1049 gratulatur,
974 985 1067 1049 quem
1090 985 1121 1028 a.
1146 965 1177 1029 d.
1201 965 1267 1029 IV.
1290 965 1340 1032 Id.
1361 963 1537 1030 Decembr.
1556 963 1622 1029 iniit.

492 1249 585 1318 dnno
607 1252 704 1319 Urbis
724 1253 866 1319 1100111.
887 1256 1057 1321 Ciceronis
1079 1255 1177 1320 LVII.
1200 1276 1285 1320 coss.
1298 1254 1449 1337 suerunt

300 1395 345 1472 L.
361 1393 592 1473 AIMILIUS
604 1394 861 1493 PAULLUS,
881 1395 923 1472 C.
937 1396 1190 1475 CLAUDIUS
1205 1395 1247 1471 C.
1262 1397 1304 1472 F.
1319 1395 1619 1473 MARCELLUS.

386 1554 441 1618 Ad
463 1554 522 1618 bos
545 1552 692 1617 consules
715 1564 841 1616 exstant
863 1552 1033 1620 Ciceronis
1056 1554 1200 1631 litterae,
1228 1552 1343 1639 quibus
1365 1553 1463 1635 petit,
1488 1565 1620 1639 utquam

299 1646 657 1713 honorificentissimum
687 1648 723 1711 S.
747 1645 789 1712 C.
813 1650 852 1711 de
881 1651 979 1712 robus
1002 1671 1019 1712 a
1042 1670 1076 1712 se
1100 1648 1199 1734 gestis
1221 1647 1399 1733 sapiendum
1422 1657 1555 1722 curent;
1575 1667 1617 1729 ep.

304 1746 357 1806 10.
382 1753 413 1805 11
435 1742 489 1804 to.
511 1739 570 1804 lib.
592 1741 675 1805 XV.
699 1743 738 1804 ad
760 1742 848 1807 Faus.
903 1744 976 1807 Hac
1004 1746 1043 1807 de
1072 1765 1108 1807 re
1138 1741 1266 1824 scripsit
1294 1741 1388 1805 etiam
1418 1745 1459 1805 ad
1483 1740 1622 1807 Catonem

302 1858 355 1920 ep.
380 1838 412 1900 t.
438 1834 579 1898 eiusdem
601 1834 687 1899 libri.
732 1837 816 1898 'l'um
840 1835 994 1902 Ciceroni
1017 1859 1078 1921 pro
1100 1859 1137 1901 re
1160 1838 1240 1900 bene
1271 1848 1359 1922 gesta
1389 1835 1623 1920 supplicationes

302 1945 375 1998 stunt
397 1935 562 2006 decretam
586 1930 680 2013 epist.
706 1932 760 1994 11.
781 1930 838 1995 lib.
861 1931 965 1997 VIII.
989 1937 1028 1996 ad
1050 1932 1164 1996 Famil.
1188 1942 1219 1995 et
1241 1932 1335 2014 epist.
1360 1933 1391 1994 1.
1414 1930 1473 1996 lib.
1493 1928 1574 1992 VII.
1593 1928 1623 1989 ad

302 2031 396 2102 ann
428 2046 491 2110 pro
522 2023 638 2110 quibus
666 2025 827 2089 Marcello
857 2046 928 2089 cos.
959 2027 1078 2111 gratias
1110 2027 1176 2111 agit
1205 2025 1301 2108 epist.
1330 2027 1382 2091 11.
1410 2024 1470 2088 lib.
1498 2024 1575 2088 XV.
1594 2022 1623 2083 ad

304 2120 421 2187 Famil.
465 2118 571 2184 Nonis
593 2119 664 2183 Ian.
688 2117 807 2184 Cicero
831 2120 937 2183 'l'arso
960 2120 1127 2201 proiectus
1149 2118 1263 2186 initio
1286 2120 1419 2193 Asiam,
1448 2130 1483 2181 ut
1505 2116 1547 2181 ibi
1566 2135 1624 2179 sua·

302 2238 375 2280 rum
397 2211 589 2281 dioecesium
612 2212 795 2277 bominibus
817 2212 867 2275 ius
890 2211 1024 2289 diceret3
1051 2216 1145 2298 epist.
1161 2216 1216 2278 11.
1237 2211 1294 2277 lib.
1311 2215 1358 2277 V.
1375 2214 1414 2274 ad
1428 2213 1523 2287 Ast..
1547 2229 1623 2296 quan

302 2310 416 2376 Idibus
439 2309 545 2374 Febr.
566 2329 602 2373 se
624 2306 749 2370 dedisse
772 2306 827 2370 ait.
872 2307 948 2387 Quo
971 2320 1118 2391 tompore
1141 2307 1261 2374 Cicero
1285 2304 1432 2371 Ciliciam
1456 2317 1490 2370 et
1512 2307 1563 2371 Μ.
1582 2301 1625 2367 Ili·

302 2406 397 2468 bulus
419 2404 545 2486 Syriam
569 2401 797 2475 obtinuerunt,
828 2403 941 2464 eodem
970 2413 1117 2485 tempore
1149 2402 1194 2484 Q.
1219 2403 1380 2466 Thernuts
1404 2424 1468 2485 pro
1491 2406 1624 2485 praetore

302 2500 340 2563 in·
365 2497 444 2566 Asia
467 2510 499 2562 et
521 2499 564 2562 P.
588 2496 686 2560 Silios
707 2495 740 2558 io
766 2494 933 2573 Bithynia,
969 2507 1004 2559 nt
1026 2498 1173 2576 videtur,
1208 2496 1361 2561 luerunt:
1392 2496 1515 2563 indicat
1536 2516 1583 2578 ep.
1603 2497 1625 2554 1.

304 2595 363 2659 lib.
386 2595 453 2658 vl.
477 2595 517 2657 ad
538 2592 611 2656 nat.
655 2592 771 2675 Itaque
793 2610 811 2653 e
834 2587 946 2654 Cilicia
970 2591 1089 2658 Cicero
1113 2594 1152 2657 ad
1176 2594 1350 2655 'l'hermnna
1374 2602 1405 2655 et
1424 2589 1537 2654 Silium
1558 2584 1624 2652 nisit

302 2688 398 2771 epist.
423 2687 478 2752 53.
506 2697 538 2749 11
557 2683 759 2775 aliaquuae
778 2680 928 2765 deinceps
952 2684 1010 2749 lib.
1033 2688 1137 2751 XIII.
1164 2688 1205 2751 atl
1229 2686 1320 2749 Fam.
1343 2686 1510 2771 leguntur.
1552 2683 1624 2746 Lao·

304 2783 411 2845 diceae
434 2780 489 2844 M.
517 2776 643 2842 Tutilius
662 2797 703 2840 ex
727 2775 839 2838 Idibus
865 2778 965 2842 Febr.
998 2783 1036 2843 ad
1056 2781 1193 2846 Kalend.
1213 2778 1322 2843 Maias
1345 2780 1453 2844 lorum
1484 2776 1549 2864 egit
1569 2794 1624 2840 on·

304 2875 389 2938 nisum
415 2870 608 2937 dioecesium
634 2869 865 2944 Asiaticarum3
898 2874 994 2955 epist.
1021 2878 1053 2938 1.
1086 2876 1175 2938 111.
1199 2874 1256 2938 lib.
1284 2874 1348 2939 VI.
1371 2872 1411 2936 ad
1440 2873 1544 2938 Attie.
1583 2868 1624 2931 Eo

304 2967 394 3033 venit
420 2969 475 3032 M.
499 2963 641 3042 Fabius,
665 2966 903 3029 commendatos
929 2968 957 3031 ei
983 2990 1000 3032 a
1024 2968 1066 3035 C.
1093 2966 1222 3035 Cassio.
1275 2966 1489 3033 Commendat
1511 2964 1624 3029 eunden

301 3063 371 3146 ipse
401 3060 535 3137 Caelio,
568 3060 671 3125 Paeto
697 3069 730 3123 et
753 3057 872 3123 Curtio
901 3065 996 3144 epist.
1020 3065 1072 3127 tt.
1101 3062 1157 3125 lib.
1182 3062 1251 3136 11.,
1281 3061 1376 3144 epist.
1398 3060 1455 3124 25.
1481 3058 1538 3123 lib.
1559 3055 1623 3127 lx..

303 3159 398 3241 epIst.
419 3156 472 3220 ts.
493 3154 554 3239 lib.
577 3153 683 3218 XIII.
705 3164 737 3217 et
754 3153 850 3236 epist.
876 3156 927 3216 11.
947 3155 1005 3219 lib.
1028 3158 1111 3221 XV.
1131 3159 1170 3219 ad
1190 3155 1306 3221 Famil.
1351 3156 1479 3220 Eodem
1501 3166 1627 3233 tempore

306 3251 425 3318 Cicero
453 3249 576 3333 aliquot
597 3249 750 3331 epistolas
772 3250 811 3311 ad
839 3245 983 3315 Caelium
1006 3262 1038 3316 11
1067 3250 1210 3334 Appium
1234 3249 1336 3322 ntisit,
1358 3271 1440 3335 qnae
1464 3248 1520 3314 lib.
1543 3245 1627 3310 lbet

306 3348 376 3414 III.
395 3345 559 3430 leguntur.
604 3344 643 3407 In
670 3344 787 3428 quibus
807 3363 877 3405 cum
899 3350 938 3409 de
957 3345 1026 3408 aliis
1043 3348 1158 3422 rebus,
1183 3357 1248 3407 tum
1267 3347 1306 3406 de
1324 3343 1424 3426 Appii
1445 3340 1628 3407 accusatione

306 3453 340 3506 et
365 3438 491 3504 'suillae
514 3437 632 3521 nuptiis
655 3439 772 3523 agitur.
818 3439 996 3506 Accusavit
1019 3437 1161 3521 Appium
1184 3460 1349 3502 reversum
1373 3460 1390 3502 e
1414 3435 1578 3521 provincia
1595 3431 1628 3493 Ρ.

309 3532 482 3602 Cornelius
506 3532 698 3596 Dolabella:
723 3533 889 3621 eidemque
919 3534 1026 3598 'l'ullia
1050 3534 1104 3596 Μ.
1129 3533 1299 3598 Ciceronis
1322 3533 1386 3595 lilia
1414 3535 1480 3596 boe
1499 3542 1629 3612 tempore

310 3628 417 3711 nupsit
432 3631 458 3690 ¹.
502 3626 554 3689 De
578 3624 733 3689 affinitate
759 3627 819 3690 hac
847 3629 1028 3713 gratulatur
1054 3625 1206 3692 Ciceroni
1230 3625 1359 3692 Caelius
1385 3625 1483 3711 epist.
1512 3618 1628 3688 11111.

308 3721 411 3787 VIII.
454 3718 531 3783 Fuit
557 3740 687 3804 qtroque
710 3720 836 3804 Appius
862 3726 925 3785 troc
951 3741 1054 3796 anuo,
1081 3731 1114 3783 ut
1143 3720 1210 3789 Dio
1233 3720 1344 3784 scribit
1370 3720 1451 3785 XL.
1469 3719 1543 3795 bd„
1568 3732 1628 3776 een·

252 3888 256 3894 ,
311 3837 367 3882 sor
401 3834 472 3878 cum
502 3813 545 3877 L.
579 3812 712 3878 Pisone.
756 3815 858 3899 Appii
885 3834 1038 3879 censurae
1067 3813 1207 3876 meuriuit
1232 3812 1353 3879 Cicero
1379 3812 1411 3878 in
1438 3807 1581 3896 epistolis
1600 3804 1629 3867 ad

312 3911 436 3995 ipsum,
465 3905 560 3989 epist.
588 3908 641 3969 to.
676 3910 729 3970 11.
760 3921 792 3972 11
824 3910 880 3976 1111.
908 3909 964 3972 lib.
987 3907 1052 3972 III.
1094 3908 1144 3972 De
1175 3908 1284 3971 eadem
1315 3906 1360 3988 Q.
1394 3907 1497 3971 irater
1523 3903 1578 3968 lib.
1604 3896 1628 3962 l·

313 4026 386 4087 cap.
406 4000 459 4065 16.
482 4003 521 4063 de
543 3998 680 4064 Divina
715 4000 754 4061 In
778 4023 848 4084 quo
869 4001 995 4084 Appius
1016 4000 1158 4082 collega
1177 4007 1275 4076 tons,
1307 3999 1413 4064 bonus
1441 4019 1575 4083 angor,
1602 3996 1631 4054 11

315 4120 359 4163 ex
383 4105 415 4161 11
443 4091 564 4157 ondit-e
584 4092 701 4167 soleo,
721 4112 790 4154 non
816 4094 900 4153 sutis
926 4094 1070 4156 scienter
1090 4093 1198 4152 virum
1217 4089 1343 4155 bonum
1372 4100 1405 4155 11
1427 4094 1537 4155 civem
1556 4102 1632 4170 egre·

315 4191 416 4271 glum
444 4180 776 4248 camoranum
796 4183 946 4258 notovit,
979 4178 1075 4262 quod
1097 4183 1292 4244 ementitum
1321 4183 1485 4261 onspr‘cio
1505 4173 1632 4242 subscri

317 4280 432 4361 pserit.
473 4275 527 4338 Ex
549 4273 628 4338 Asia
648 4270 769 4337 Cicero
789 4270 821 4334 in
845 4269 989 4335 Ciliciam
1011 4270 1116 4333 Nonis
1136 4270 1233 4333 Malis
1255 4271 1423 4353 profectus
1455 4269 1566 4353 (epist.
1590 4261 1632 4325 11·

317 4369 375 4432 lib.
398 4367 449 4431 II.
476 4369 516 4430 ad
540 4367 655 4433 Famil.
685 4376 716 4429 et
741 4363 837 4446 epist.
858 4365 891 4428 2.
917 4363 974 4426 lib.
999 4363 1064 4426 VI.
1091 4365 1133 4426 ad
1160 4365 1247 4444 ltu.)
1273 4366 1410 4429 'l'arsnm
1437 4364 1526 4429 reoit
1547 4354 1634 4425 Itonia

320 4463 414 4537 Iun.;
436 4461 533 4545 epist.
559 4464 591 4525 t.
614 4461 672 4525 lib.
698 4459 766 4523 VI.
790 4461 831 4522 ad
850 4457 924 4523 Au.
970 4456 1122 4522 Ciceroni
1141 4458 1265 4522 interim
1287 4468 1442 4544 quaestor
1459 4457 1503 4523 C.
1522 4449 1634 4522 Caelittt

1289 4560 1635 4585 ——u—-fl‘

297 4672 300 4679 ,
359 4616 390 4688 1)
410 4616 525 4672 Setltcet
544 4615 578 4670 de
597 4614 691 4669 Tullta
711 4618 741 4668 tn
760 4613 1356 4681 111111111111111111111111111(31111111
1377 4619 1535 4693 egerat'l'l.
1564 4617 1635 4673 Nero·

320 4708 399 4766 pater
418 4692 527 4745 ‘I'tbertl
546 4694 738 4765 tmperatortm
759 4704 837 4763 pater
856 4706 920 4745 cum
940 4696 969 4745 tn
988 4706 1021 4745 eo
1041 4708 1130 4759 essct,
1150 4708 1181 4747 ut
1196 4693 1301 4749 Neront
1318 4692 1504 4768 desponderet
1520 4689 1635 4749 tulna.

322 4768 455 4822 Terentta
475 4781 566 4822 totam
585 4782 645 4820 rem
673 4781 813 4840 occupans
840 4782 901 4820 eam
925 4765 1087 4822 Dolabellae
1112 4772 1269 4834 concessit,
1298 4775 1340 4823 ott
1362 4776 1504 4825 conttcere
1528 4764 1590 4821 ltcet
1609 4779 1634 4813 u

319 4860 365 4917 ep.
390 4845 417 4903 6.
440 4840 476 4895 ad
495 4844 552 4899 tttt.
575 4841 640 4898 Ltb.
664 4840 712 4900 tt.
751 4840 825 4896 illoc
846 4839 965 4897 lostam
987 4857 1086 4899 natum
1105 4859 1148 4900 eat
1170 4841 1317 4900 dtsstdtnm
1343 4849 1418 4903 tnter
1436 4846 1596 4903 Ciceronem
1613 4850 1635 4890 u

316 4918 489 4975 Terentiam.
