<?xml version="1.0" encoding="UTF-8"?>
<!DOCTYPE html PUBLIC "-//W3C//DTD XHTML 1.0 Transitional//EN"
    "http://www.w3.org/TR/xhtml1/DTD/xhtml1-transitional.dtd">
<html xmlns="http://www.w3.org/1999/xhtml" xml:lang="en" lang="en">
 <head>
  <title>
</title>
<meta http-equiv="Content-Type" content="text/html;charset=utf-8" />
  <meta name='ocr-system' content='tesseract 3.04.00' />
  <meta name='ocr-capabilities' content='ocr_page ocr_carea ocr_par ocr_line ocrx_word'/>
</head>
<body>
  <div class='ocr_page' id='page_1' title='image "./mtulliiciceroni00unkngoog_0079.png"; bbox 0 0 3322 5578; ppageno 0'>
   <div class='ocr_carea' id='block_1_1' title="bbox 1041 78 1150 107">
    <p class='ocr_par' dir='ltr' id='par_1_1' title="bbox 1041 78 1150 107">
     <span class='ocr_line' id='line_1_1' title="bbox 1041 78 1150 107; baseline 0 -8"><span class='ocrx_word' id='word_1_1' title='bbox 1041 78 1045 107; x_wconf 72' lang='lat' dir='ltr'>l</span> <span class='ocrx_word' id='word_1_2' title='bbox 1144 92 1150 99; x_wconf 83' lang='grc'><strong>.</strong></span> 
     </span>
    </p>
   </div>
   <div class='ocr_carea' id='block_1_2' title="bbox 310 312 1276 431">
    <p class='ocr_par' dir='ltr' id='par_1_2' title="bbox 310 312 1276 431">
     <span class='ocr_line' id='line_1_2' title="bbox 310 312 1276 431; baseline 0.004 -12"><span class='ocrx_word' id='word_1_3' title='bbox 310 355 351 420; x_wconf 81' lang='lat' dir='ltr'>te</span> <span class='ocrx_word' id='word_1_4' title='bbox 709 312 762 423; x_wconf 72' lang='grc' dir='ltr'>Μ’.</span> <span class='ocrx_word' id='word_1_5' title='bbox 787 358 950 426; x_wconf 77' lang='lat' dir='ltr'>runnu</span> <span class='ocrx_word' id='word_1_6' title='bbox 982 357 1232 431; x_wconf 81' lang='lat' dir='ltr'>ctcnttonte</span> <span class='ocrx_word' id='word_1_7' title='bbox 1273 412 1276 423; x_wconf 87' lang='lat'><strong>.</strong></span> 
     </span>
    </p>
   </div>
   <div class='ocr_carea' id='block_1_3' title="bbox 224 497 1626 3499">
    <p class='ocr_par' dir='ltr' id='par_1_3' title="bbox 224 497 1626 3499">
     <span class='ocr_line' id='line_1_3' title="bbox 310 497 1615 590; baseline 0.008 -32"><span class='ocrx_word' id='word_1_8' title='bbox 310 497 410 561; x_wconf 87' lang='lat' dir='ltr'>totius</span> <span class='ocrx_word' id='word_1_9' title='bbox 430 497 537 566; x_wconf 81' lang='lat' dir='ltr'>ltaliae</span> <span class='ocrx_word' id='word_1_10' title='bbox 555 500 645 566; x_wconf 87' lang='lat' dir='ltr'>vidit.</span> <span class='ocrx_word' id='word_1_11' title='bbox 681 502 794 583; x_wconf 80' lang='lat' dir='ltr'>Neque</span> <span class='ocrx_word' id='word_1_12' title='bbox 811 501 892 565; x_wconf 88' lang='lat' dir='ltr'>enim</span> <span class='ocrx_word' id='word_1_13' title='bbox 910 500 1004 585; x_wconf 84' lang='lat' dir='ltr'>regio</span> <span class='ocrx_word' id='word_1_14' title='bbox 1024 501 1085 565; x_wconf 87' lang='lat' dir='ltr'>snit</span> <span class='ocrx_word' id='word_1_15' title='bbox 1107 502 1170 565; x_wconf 86' lang='lat' dir='ltr'>ttlln</span> <span class='ocrx_word' id='word_1_16' title='bbox 1190 522 1291 584; x_wconf 85' lang='lat' dir='ltr'>neque</span> <span class='ocrx_word' id='word_1_17' title='bbox 1309 499 1510 584; x_wconf 89' lang='lat' dir='ltr'>municipium</span> <span class='ocrx_word' id='word_1_18' title='bbox 1528 524 1615 590; x_wconf 82' lang='lat' dir='ltr'>neque</span> 
     </span>
     <span class='ocr_line' id='line_1_4' title="bbox 310 591 1615 679; baseline 0.006 -26"><span class='ocrx_word' id='word_1_19' title='bbox 310 591 511 673; x_wconf 82' lang='lat' dir='ltr'>praefectura</span> <span class='ocrx_word' id='word_1_20' title='bbox 542 594 596 656; x_wconf 87' lang='lat' dir='ltr'>a&#39;ut</span> <span class='ocrx_word' id='word_1_21' title='bbox 625 594 769 669; x_wconf 81' lang='lat' dir='ltr'>colonia,</span> <span class='ocrx_word' id='word_1_22' title='bbox 804 616 845 658; x_wconf 83' lang='lat' dir='ltr'>ex</span> <span class='ocrx_word' id='word_1_23' title='bbox 871 618 931 679; x_wconf 85' lang='lat' dir='ltr'>qun</span> <span class='ocrx_word' id='word_1_24' title='bbox 955 617 1019 660; x_wconf 93' lang='lat' dir='ltr'>non</span> <span class='ocrx_word' id='word_1_25' title='bbox 1048 597 1174 677; x_wconf 87' lang='lat' dir='ltr'>publice</span> <span class='ocrx_word' id='word_1_26' title='bbox 1203 598 1243 658; x_wconf 79' lang='lat' dir='ltr'>tul</span> <span class='ocrx_word' id='word_1_27' title='bbox 1269 594 1460 660; x_wconf 77' lang='lat' dir='ltr'>Ciceronem</span> <span class='ocrx_word' id='word_1_28' title='bbox 1491 601 1615 661; x_wconf 84' lang='lat' dir='ltr'>venerint</span> 
     </span>
     <span class='ocr_line' id='line_1_5' title="bbox 310 686 1616 773; baseline 0.005 -24"><span class='ocrx_word' id='word_1_29' title='bbox 310 686 516 768; x_wconf 71' lang='lat' dir='ltr'><strong>gratulatum.</strong></span> <span class='ocrx_word' id='word_1_30' title='bbox 572 688 713 773; x_wconf 80' lang='lat' dir='ltr'>Magnae</span> <span class='ocrx_word' id='word_1_31' title='bbox 746 702 834 753; x_wconf 88' lang='lat' dir='ltr'>erant</span> <span class='ocrx_word' id='word_1_32' title='bbox 863 687 1035 753; x_wconf 81' lang='lat' dir='ltr'>effusiones</span> <span class='ocrx_word' id='word_1_33' title='bbox 1061 691 1223 755; x_wconf 89' lang='lat' dir='ltr'>hominum</span> <span class='ocrx_word' id='word_1_34' title='bbox 1254 712 1292 753; x_wconf 80' lang='lat' dir='ltr'>ex</span> <span class='ocrx_word' id='word_1_35' title='bbox 1325 689 1471 772; x_wconf 76' lang='lat' dir='ltr'><strong>oppidis,</strong></span> <span class='ocrx_word' id='word_1_36' title='bbox 1506 692 1616 755; x_wconf 83' lang='lat' dir='ltr'>tuatiui</span> 
     </span>
     <span class='ocr_line' id='line_1_6' title="bbox 310 783 1615 868; baseline 0.008 -29"><span class='ocrx_word' id='word_1_37' title='bbox 310 800 484 861; x_wconf 77' lang='lat' dir='ltr'>cpncurstte</span> <span class='ocrx_word' id='word_1_38' title='bbox 503 802 543 844; x_wconf 85' lang='lat' dir='ltr'>ex</span> <span class='ocrx_word' id='word_1_39' title='bbox 567 784 652 868; x_wconf 87' lang='lat' dir='ltr'>agris</span> <span class='ocrx_word' id='word_1_40' title='bbox 667 783 928 865; x_wconf 77' lang='lat' dir='ltr'>patrumfamilias</span> <span class='ocrx_word' id='word_1_41' title='bbox 950 805 1020 845; x_wconf 90' lang='lat' dir='ltr'>cnut</span> <span class='ocrx_word' id='word_1_42' title='bbox 1043 784 1233 868; x_wconf 75' lang='lat' dir='ltr'>coniugibus</span> <span class='ocrx_word' id='word_1_43' title='bbox 1258 804 1294 845; x_wconf 89' lang='lat' dir='ltr'>ac</span> <span class='ocrx_word' id='word_1_44' title='bbox 1318 784 1442 848; x_wconf 83' lang='lat' dir='ltr'>liberis.</span> <span class='ocrx_word' id='word_1_45' title='bbox 1488 784 1615 868; x_wconf 77' lang='lat' dir='ltr'>Cumque</span> 
     </span>
     <span class='ocr_line' id='line_1_7' title="bbox 309 873 1615 960; baseline 0.005 -26"><span class='ocrx_word' id='word_1_46' title='bbox 309 873 382 936; x_wconf 86' lang='lat' dir='ltr'>riae</span> <span class='ocrx_word' id='word_1_47' title='bbox 401 873 598 938; x_wconf 85' lang='lat' dir='ltr'>mttltitudine</span> <span class='ocrx_word' id='word_1_48' title='bbox 620 876 797 960; x_wconf 83' lang='lat' dir='ltr'>legatorum</span> <span class='ocrx_word' id='word_1_49' title='bbox 821 875 958 959; x_wconf 79' lang='lat' dir='ltr'>undique</span> <span class='ocrx_word' id='word_1_50' title='bbox 981 876 1146 953; x_wconf 73' lang='lat' dir='ltr'>missorum</span> <span class='ocrx_word' id='word_1_51' title='bbox 1167 878 1426 953; x_wconf 68' lang='lat' dir='ltr'>celebrarentur,</span> <span class='ocrx_word' id='word_1_52' title='bbox 1450 880 1542 942; x_wconf 85' lang='lat' dir='ltr'>urbes</span> <span class='ocrx_word' id='word_1_53' title='bbox 1562 879 1615 943; x_wconf 88' lang='lat' dir='ltr'>lta·</span> 
     </span>
     <span class='ocr_line' id='line_1_8' title="bbox 309 965 1615 1054; baseline 0.005 -25"><span class='ocrx_word' id='word_1_54' title='bbox 309 965 370 1030; x_wconf 78' lang='lat' dir='ltr'>liae</span> <span class='ocrx_word' id='word_1_55' title='bbox 393 966 494 1031; x_wconf 81' lang='lat' dir='ltr'>lectos</span> <span class='ocrx_word' id='word_1_56' title='bbox 516 969 583 1032; x_wconf 83' lang='lat' dir='ltr'>diet</span> <span class='ocrx_word' id='word_1_57' title='bbox 603 991 700 1054; x_wconf 80' lang='lat' dir='ltr'>egere</span> <span class='ocrx_word' id='word_1_58' title='bbox 718 973 871 1033; x_wconf 77' lang='lat' dir='ltr'>adventus</span> <span class='ocrx_word' id='word_1_59' title='bbox 890 973 958 1035; x_wconf 84' lang='lat' dir='ltr'>eitte</span> <span class='ocrx_word' id='word_1_60' title='bbox 979 972 1182 1046; x_wconf 69' lang='lat' dir='ltr'>ridebantum</span> <span class='ocrx_word' id='word_1_61' title='bbox 1210 971 1241 1034; x_wconf 93' lang='lat' dir='ltr'>in</span> <span class='ocrx_word' id='word_1_62' title='bbox 1262 970 1413 1035; x_wconf 80' lang='lat' dir='ltr'>Pisonem</span> <span class='ocrx_word' id='word_1_63' title='bbox 1434 994 1508 1054; x_wconf 79' lang='lat' dir='ltr'>cap.</span> <span class='ocrx_word' id='word_1_64' title='bbox 1525 972 1573 1035; x_wconf 92' lang='grc'><strong>22.</strong></span> <span class='ocrx_word' id='word_1_65' title='bbox 1590 983 1615 1035; x_wconf 86' lang='lat' dir='ltr'>et</span> 
     </span>
     <span class='ocr_line' id='line_1_9' title="bbox 308 1062 1614 1146; baseline 0.003 -22"><span class='ocrx_word' id='word_1_66' title='bbox 308 1082 372 1143; x_wconf 89' lang='lat' dir='ltr'>pro</span> <span class='ocrx_word' id='word_1_67' title='bbox 393 1062 500 1125; x_wconf 81' lang='lat' dir='ltr'>Sestio</span> <span class='ocrx_word' id='word_1_68' title='bbox 523 1084 595 1146; x_wconf 81' lang='lat' dir='ltr'>cap.</span> <span class='ocrx_word' id='word_1_69' title='bbox 615 1067 669 1128; x_wconf 79' lang='lat'>63.</span> <span class='ocrx_word' id='word_1_70' title='bbox 714 1066 767 1129; x_wconf 79' lang='lat' dir='ltr'>nt</span> <span class='ocrx_word' id='word_1_71' title='bbox 787 1069 895 1128; x_wconf 87' lang='lat' dir='ltr'>urbem</span> <span class='ocrx_word' id='word_1_72' title='bbox 916 1068 956 1128; x_wconf 88' lang='lat' dir='ltr'>ita</span> <span class='ocrx_word' id='word_1_73' title='bbox 977 1068 1082 1141; x_wconf 84' lang='lat' dir='ltr'>venit,</span> <span class='ocrx_word' id='word_1_74' title='bbox 1109 1076 1142 1128; x_wconf 88' lang='lat' dir='ltr'>ut</span> <span class='ocrx_word' id='word_1_75' title='bbox 1163 1087 1258 1129; x_wconf 90' lang='lat' dir='ltr'>netno</span> <span class='ocrx_word' id='word_1_76' title='bbox 1282 1066 1374 1127; x_wconf 80' lang='lat' dir='ltr'>ullius</span> <span class='ocrx_word' id='word_1_77' title='bbox 1396 1065 1515 1128; x_wconf 74' lang='lat' dir='ltr'>ordinis</span> <span class='ocrx_word' id='word_1_78' title='bbox 1532 1066 1614 1129; x_wconf 87' lang='lat' dir='ltr'>bono</span> 
     </span>
     <span class='ocr_line' id='line_1_10' title="bbox 224 1152 1612 1243; baseline 0.003 -26"><span class='ocrx_word' id='word_1_79' title='bbox 224 1152 228 1159; x_wconf 78' lang='lat'>&#39;</span> <span class='ocrx_word' id='word_1_80' title='bbox 312 1157 544 1221; x_wconf 76' lang='lat' dir='ltr'>nomenclatori</span> <span class='ocrx_word' id='word_1_81' title='bbox 559 1158 781 1236; x_wconf 66' lang='lat' dir='ltr'>reinduerit,</span> <span class='ocrx_word' id='word_1_82' title='bbox 803 1158 859 1243; x_wconf 82' lang='lat' dir='ltr'>qni</span> <span class='ocrx_word' id='word_1_83' title='bbox 873 1160 931 1241; x_wconf 87' lang='lat' dir='ltr'>ipsi</span> <span class='ocrx_word' id='word_1_84' title='bbox 949 1161 1077 1223; x_wconf 86' lang='lat' dir='ltr'>obviarn</span> <span class='ocrx_word' id='word_1_85' title='bbox 1094 1181 1157 1223; x_wconf 89' lang='lat' dir='ltr'>uon</span> <span class='ocrx_word' id='word_1_86' title='bbox 1179 1159 1318 1233; x_wconf 60' lang='lat' dir='ltr'>venerim</span> <span class='ocrx_word' id='word_1_87' title='bbox 1344 1159 1439 1241; x_wconf 82' lang='lat' dir='ltr'>epist.</span> <span class='ocrx_word' id='word_1_88' title='bbox 1455 1161 1486 1221; x_wconf 89' lang='lat'>1.</span> <span class='ocrx_word' id='word_1_89' title='bbox 1499 1158 1612 1222; x_wconf 71' lang='lat' dir='ltr'>tituli.</span> 
     </span>
     <span class='ocr_line' id='line_1_11' title="bbox 312 1251 1612 1338; baseline 0.003 -26"><span class='ocrx_word' id='word_1_90' title='bbox 312 1253 350 1312; x_wconf 88' lang='lat' dir='ltr'>ad</span> <span class='ocrx_word' id='word_1_91' title='bbox 367 1253 438 1314; x_wconf 85' lang='lat' dir='ltr'>Att.</span> <span class='ocrx_word' id='word_1_92' title='bbox 466 1251 578 1335; x_wconf 84' lang='lat' dir='ltr'>Itaque</span> <span class='ocrx_word' id='word_1_93' title='bbox 593 1252 623 1315; x_wconf 89' lang='lat' dir='ltr'>itt</span> <span class='ocrx_word' id='word_1_94' title='bbox 639 1253 788 1317; x_wconf 73' lang='lat' dir='ltr'>Pisonem</span> <span class='ocrx_word' id='word_1_95' title='bbox 803 1273 876 1335; x_wconf 79' lang='lat' dir='ltr'>cap.</span> <span class='ocrx_word' id='word_1_96' title='bbox 891 1254 942 1327; x_wconf 89' lang='grc'><strong>22.</strong></span> <span class='ocrx_word' id='word_1_97' title='bbox 957 1254 1020 1317; x_wconf 90' lang='lat' dir='ltr'>ait:</span> <span class='ocrx_word' id='word_1_98' title='bbox 1046 1257 1141 1318; x_wconf 84' lang='lat' dir='ltr'>Unus</span> <span class='ocrx_word' id='word_1_99' title='bbox 1156 1255 1212 1318; x_wconf 88' lang='lat' dir='ltr'>ille</span> <span class='ocrx_word' id='word_1_100' title='bbox 1229 1255 1301 1317; x_wconf 80' lang='lat' dir='ltr'>diet</span> <span class='ocrx_word' id='word_1_101' title='bbox 1318 1254 1403 1318; x_wconf 83' lang='lat' dir='ltr'>milti</span> <span class='ocrx_word' id='word_1_102' title='bbox 1417 1255 1551 1338; x_wconf 77' lang='lat' dir='ltr'>quidem</span> <span class='ocrx_word' id='word_1_103' title='bbox 1562 1254 1612 1316; x_wconf 87' lang='lat' dir='ltr'>int·</span> 
     </span>
     <span class='ocr_line' id='line_1_12' title="bbox 311 1345 1613 1438; baseline -0.002 -27"><span class='ocrx_word' id='word_1_104' title='bbox 311 1346 534 1411; x_wconf 83' lang='lat' dir='ltr'>mortalitatie</span> <span class='ocrx_word' id='word_1_105' title='bbox 549 1348 661 1412; x_wconf 84' lang='lat' dir='ltr'>t‘nrtnr</span> <span class='ocrx_word' id='word_1_106' title='bbox 669 1345 772 1438; x_wconf 79' lang='lat' dir='ltr'>ficit,</span> <span class='ocrx_word' id='word_1_107' title='bbox 796 1370 864 1433; x_wconf 79' lang='lat' dir='ltr'>quo</span> <span class='ocrx_word' id='word_1_108' title='bbox 885 1349 920 1412; x_wconf 82' lang='lat' dir='ltr'>t&#39;n</span> <span class='ocrx_word' id='word_1_109' title='bbox 940 1350 1095 1431; x_wconf 85' lang='lat' dir='ltr'>pntrt&#39;nm</span> <span class='ocrx_word' id='word_1_110' title='bbox 1113 1350 1201 1411; x_wconf 83' lang='lat' dir='ltr'>redii</span> <span class='ocrx_word' id='word_1_111' title='bbox 1207 1371 1220 1422; x_wconf 88' lang='lat'>,·</span> <span class='ocrx_word' id='word_1_112' title='bbox 1241 1370 1318 1412; x_wconf 88' lang='lat' dir='ltr'>cum</span> <span class='ocrx_word' id='word_1_113' title='bbox 1338 1361 1497 1412; x_wconf 79' lang='lat' dir='ltr'>renatum</span> <span class='ocrx_word' id='word_1_114' title='bbox 1515 1369 1613 1433; x_wconf 75' lang='lat' dir='ltr'>egres·</span> 
     </span>
     <span class='ocr_line' id='line_1_13' title="bbox 309 1440 1613 1527; baseline 0.001 -23"><span class='ocrx_word' id='word_1_115' title='bbox 309 1461 386 1504; x_wconf 85' lang='lat' dir='ltr'>sum</span> <span class='ocrx_word' id='word_1_116' title='bbox 408 1440 478 1504; x_wconf 86' lang='lat' dir='ltr'>uidi</span> <span class='ocrx_word' id='word_1_117' title='bbox 495 1445 728 1526; x_wconf 77' lang='lat' dir='ltr'>populumque</span> <span class='ocrx_word' id='word_1_118' title='bbox 745 1445 847 1506; x_wconf 86' lang='lat' dir='ltr'>Rom.</span> <span class='ocrx_word' id='word_1_119' title='bbox 870 1442 1066 1506; x_wconf 83' lang='lat' dir='ltr'>univercum</span> <span class='ocrx_word' id='word_1_120' title='bbox 1073 1467 1086 1516; x_wconf 77' lang='lat'>,-</span> <span class='ocrx_word' id='word_1_121' title='bbox 1106 1465 1184 1505; x_wconf 91' lang='lat' dir='ltr'>cunt</span> <span class='ocrx_word' id='word_1_122' title='bbox 1204 1443 1287 1505; x_wconf 82' lang='lat' dir='ltr'>milti</span> <span class='ocrx_word' id='word_1_123' title='bbox 1304 1444 1383 1527; x_wconf 82' lang='lat' dir='ltr'>ipen</span> <span class='ocrx_word' id='word_1_124' title='bbox 1398 1447 1509 1508; x_wconf 84' lang='lat' dir='ltr'>Roma</span> <span class='ocrx_word' id='word_1_125' title='bbox 1523 1463 1613 1525; x_wconf 86' lang='lat' dir='ltr'>propt</span> 
     </span>
     <span class='ocr_line' id='line_1_14' title="bbox 308 1535 1612 1618; baseline -0.001 -21"><span class='ocrx_word' id='word_1_126' title='bbox 308 1538 471 1600; x_wconf 82' lang='lat' dir='ltr'>oencoien</span> <span class='ocrx_word' id='word_1_127' title='bbox 494 1538 631 1600; x_wconf 82' lang='lat' dir='ltr'>eetit&#39;lrus</span> <span class='ocrx_word' id='word_1_128' title='bbox 654 1537 729 1600; x_wconf 78' lang='lat' dir='ltr'>ertit</span> <span class='ocrx_word' id='word_1_129' title='bbox 752 1535 799 1599; x_wconf 83' lang='lat' dir='ltr'>nd</span> <span class='ocrx_word' id='word_1_130' title='bbox 821 1536 1113 1618; x_wconf 84' lang='lat' dir='ltr'>complectendum</span> <span class='ocrx_word' id='word_1_131' title='bbox 1132 1549 1411 1601; x_wconf 77' lang='lat' dir='ltr'>couecruotorem</span> <span class='ocrx_word' id='word_1_132' title='bbox 1431 1558 1531 1600; x_wconf 88' lang='lat' dir='ltr'>auum</span> <span class='ocrx_word' id='word_1_133' title='bbox 1546 1555 1612 1618; x_wconf 79' lang='lat' dir='ltr'>pro</span> 
     </span>
     <span class='ocr_line' id='line_1_15' title="bbox 310 1628 1611 1715; baseline -0.005 -21"><span class='ocrx_word' id='word_1_134' title='bbox 310 1630 430 1694; x_wconf 80' lang='lat' dir='ltr'>cedere</span> <span class='ocrx_word' id='word_1_135' title='bbox 459 1631 532 1695; x_wconf 83' lang='lat' dir='ltr'>nien</span> <span class='ocrx_word' id='word_1_136' title='bbox 557 1642 621 1694; x_wconf 85' lang='lat' dir='ltr'>ert.</span> <span class='ocrx_word' id='word_1_137' title='bbox 667 1629 748 1695; x_wconf 90' lang='lat' dir='ltr'>Cum</span> <span class='ocrx_word' id='word_1_138' title='bbox 775 1631 914 1693; x_wconf 84' lang='lat' dir='ltr'>venisset</span> <span class='ocrx_word' id='word_1_139' title='bbox 939 1633 979 1692; x_wconf 84' lang='lat' dir='ltr'>atl</span> <span class='ocrx_word' id='word_1_140' title='bbox 1001 1642 1126 1711; x_wconf 89' lang='lat' dir='ltr'>portam</span> <span class='ocrx_word' id='word_1_141' title='bbox 1151 1629 1332 1712; x_wconf 81' lang='lat' dir='ltr'>Capenam,</span> <span class='ocrx_word' id='word_1_142' title='bbox 1363 1653 1426 1715; x_wconf 88' lang='lat' dir='ltr'>qua</span> <span class='ocrx_word' id='word_1_143' title='bbox 1453 1631 1502 1694; x_wconf 80' lang='lat' dir='ltr'>via</span> <span class='ocrx_word' id='word_1_144' title='bbox 1525 1628 1611 1711; x_wconf 85' lang='lat' dir='ltr'>Appia</span> 
     </span>
     <span class='ocr_line' id='line_1_16' title="bbox 311 1723 1611 1809; baseline -0.005 -21"><span class='ocrx_word' id='word_1_145' title='bbox 311 1725 396 1788; x_wconf 88' lang='lat' dir='ltr'>ducit</span> <span class='ocrx_word' id='word_1_146' title='bbox 418 1725 448 1789; x_wconf 90' lang='lat' dir='ltr'>in</span> <span class='ocrx_word' id='word_1_147' title='bbox 472 1727 612 1801; x_wconf 82' lang='lat' dir='ltr'>Urbem,</span> <span class='ocrx_word' id='word_1_148' title='bbox 637 1728 755 1808; x_wconf 75' lang='lat' dir='ltr'>gradus</span> <span class='ocrx_word' id='word_1_149' title='bbox 775 1724 965 1806; x_wconf 87' lang='lat' dir='ltr'>templorum</span> <span class='ocrx_word' id='word_1_150' title='bbox 988 1723 1038 1804; x_wconf 92' lang='lat' dir='ltr'>(in</span> <span class='ocrx_word' id='word_1_151' title='bbox 1064 1725 1177 1809; x_wconf 88' lang='lat' dir='ltr'>quibus</span> <span class='ocrx_word' id='word_1_152' title='bbox 1199 1724 1262 1788; x_wconf 85' lang='lat' dir='ltr'>luit</span> <span class='ocrx_word' id='word_1_153' title='bbox 1282 1727 1399 1789; x_wconf 82' lang='lat' dir='ltr'>Martis</span> <span class='ocrx_word' id='word_1_154' title='bbox 1423 1739 1455 1789; x_wconf 87' lang='lat' dir='ltr'>et</span> <span class='ocrx_word' id='word_1_155' title='bbox 1478 1724 1611 1789; x_wconf 85' lang='lat' dir='ltr'>Camena·</span> 
     </span>
     <span class='ocr_line' id='line_1_17' title="bbox 308 1818 1610 1902; baseline -0.005 -19"><span class='ocrx_word' id='word_1_156' title='bbox 308 1822 400 1897; x_wconf 88' lang='lat' dir='ltr'>rum)</span> <span class='ocrx_word' id='word_1_157' title='bbox 427 1822 467 1881; x_wconf 88' lang='lat' dir='ltr'>ab</span> <span class='ocrx_word' id='word_1_158' title='bbox 490 1819 593 1881; x_wconf 84' lang='lat' dir='ltr'>infima</span> <span class='ocrx_word' id='word_1_159' title='bbox 616 1820 710 1900; x_wconf 85' lang='lat' dir='ltr'>plebe</span> <span class='ocrx_word' id='word_1_160' title='bbox 732 1818 883 1900; x_wconf 89' lang='lat' dir='ltr'>completi</span> <span class='ocrx_word' id='word_1_161' title='bbox 908 1830 1017 1881; x_wconf 79' lang='lat' dir='ltr'>erant:</span> <span class='ocrx_word' id='word_1_162' title='bbox 1048 1839 1064 1881; x_wconf 93' lang='lat' dir='ltr'>a</span> <span class='ocrx_word' id='word_1_163' title='bbox 1088 1840 1149 1901; x_wconf 82' lang='lat' dir='ltr'>qua</span> <span class='ocrx_word' id='word_1_164' title='bbox 1170 1819 1281 1902; x_wconf 83' lang='lat' dir='ltr'>plauto</span> <span class='ocrx_word' id='word_1_165' title='bbox 1302 1821 1440 1883; x_wconf 78' lang='lat' dir='ltr'>maximo</span> <span class='ocrx_word' id='word_1_166' title='bbox 1459 1839 1527 1882; x_wconf 90' lang='lat' dir='ltr'>cuttt</span> <span class='ocrx_word' id='word_1_167' title='bbox 1545 1822 1610 1879; x_wconf 77' lang='lat' dir='ltr'>estet</span> 
     </span>
     <span class='ocr_line' id='line_1_18' title="bbox 309 1911 1611 1997; baseline -0.008 -19"><span class='ocrx_word' id='word_1_168' title='bbox 309 1911 468 1979; x_wconf 84' lang='lat' dir='ltr'>Ciceroni¹</span> <span class='ocrx_word' id='word_1_169' title='bbox 483 1913 655 1997; x_wconf 83' lang='lat' dir='ltr'>gratttlatio</span> <span class='ocrx_word' id='word_1_170' title='bbox 680 1911 875 1996; x_wconf 83' lang='lat' dir='ltr'>significata,</span> <span class='ocrx_word' id='word_1_171' title='bbox 905 1911 1013 1974; x_wconf 77' lang='lat' dir='ltr'>similis</span> <span class='ocrx_word' id='word_1_172' title='bbox 1035 1923 1068 1976; x_wconf 89' lang='lat' dir='ltr'>et</span> <span class='ocrx_word' id='word_1_173' title='bbox 1088 1913 1267 1997; x_wconf 84' lang='lat' dir='ltr'>l&#39;reqttentia</span> <span class='ocrx_word' id='word_1_174' title='bbox 1290 1925 1322 1976; x_wconf 89' lang='lat' dir='ltr'>et</span> <span class='ocrx_word' id='word_1_175' title='bbox 1340 1915 1470 1996; x_wconf 80' lang='lat' dir='ltr'>plausus</span> <span class='ocrx_word' id='word_1_176' title='bbox 1491 1932 1555 1975; x_wconf 82' lang='lat' dir='ltr'>euin</span> <span class='ocrx_word' id='word_1_177' title='bbox 1571 1928 1611 1969; x_wconf 89' lang='lat' dir='ltr'>tn·</span> 
     </span>
     <span class='ocr_line' id='line_1_19' title="bbox 309 2001 1610 2092; baseline -0.008 -21"><span class='ocrx_word' id='word_1_178' title='bbox 309 2029 372 2092; x_wconf 90' lang='lat' dir='ltr'>quc</span> <span class='ocrx_word' id='word_1_179' title='bbox 390 2012 428 2070; x_wconf 92' lang='lat' dir='ltr'>ad</span> <span class='ocrx_word' id='word_1_180' title='bbox 449 2006 642 2090; x_wconf 77' lang='lat' dir='ltr'>Capitolium</span> <span class='ocrx_word' id='word_1_181' title='bbox 663 2007 855 2074; x_wconf 80' lang='lat' dir='ltr'>celebravit:</span> <span class='ocrx_word' id='word_1_182' title='bbox 879 2007 908 2069; x_wconf 88' lang='lat' dir='ltr'>itt</span> <span class='ocrx_word' id='word_1_183' title='bbox 927 2006 1052 2070; x_wconf 86' lang='lat' dir='ltr'>lornei</span> <span class='ocrx_word' id='word_1_184' title='bbox 1071 2005 1102 2068; x_wconf 89' lang='lat' dir='ltr'>itt</span> <span class='ocrx_word' id='word_1_185' title='bbox 1121 2006 1193 2088; x_wconf 80' lang='lat' dir='ltr'>ipso</span> <span class='ocrx_word' id='word_1_186' title='bbox 1211 2007 1375 2089; x_wconf 81' lang='lat' dir='ltr'>Capitolio</span> <span class='ocrx_word' id='word_1_187' title='bbox 1396 2005 1532 2070; x_wconf 83' lang='lat' dir='ltr'>tuirnuds</span> <span class='ocrx_word' id='word_1_188' title='bbox 1549 2001 1610 2063; x_wconf 81' lang='lat' dir='ltr'>mul</span> 
     </span>
     <span class='ocr_line' id='line_1_20' title="bbox 308 2098 1608 2185; baseline -0.004 -21"><span class='ocrx_word' id='word_1_189' title='bbox 308 2104 410 2166; x_wconf 85' lang='lat' dir='ltr'>titudo</span> <span class='ocrx_word' id='word_1_190' title='bbox 432 2102 512 2176; x_wconf 80' lang='lat' dir='ltr'>luit3</span> <span class='ocrx_word' id='word_1_191' title='bbox 543 2101 638 2184; x_wconf 85' lang='lat' dir='ltr'>epist.</span> <span class='ocrx_word' id='word_1_192' title='bbox 658 2105 690 2163; x_wconf 87' lang='lat' dir='ltr'>l.</span> <span class='ocrx_word' id='word_1_193' title='bbox 719 2100 773 2165; x_wconf 90' lang='lat' dir='ltr'>lib.</span> <span class='ocrx_word' id='word_1_194' title='bbox 793 2101 858 2164; x_wconf 90' lang='lat' dir='ltr'>lv.</span> <span class='ocrx_word' id='word_1_195' title='bbox 889 2102 928 2163; x_wconf 84' lang='lat' dir='ltr'>atl</span> <span class='ocrx_word' id='word_1_196' title='bbox 946 2102 1015 2164; x_wconf 81' lang='lat' dir='ltr'>Ait.</span> <span class='ocrx_word' id='word_1_197' title='bbox 1057 2104 1178 2185; x_wconf 81' lang='lat' dir='ltr'>Itaque</span> <span class='ocrx_word' id='word_1_198' title='bbox 1200 2100 1256 2163; x_wconf 80' lang='lat' dir='ltr'>itte</span> <span class='ocrx_word' id='word_1_199' title='bbox 1275 2121 1361 2163; x_wconf 80' lang='lat' dir='ltr'>unus</span> <span class='ocrx_word' id='word_1_200' title='bbox 1380 2101 1474 2174; x_wconf 81' lang='lat' dir='ltr'>diet,</span> <span class='ocrx_word' id='word_1_201' title='bbox 1505 2098 1543 2160; x_wconf 88' lang='lat' dir='ltr'>ait</span> <span class='ocrx_word' id='word_1_202' title='bbox 1561 2114 1608 2178; x_wconf 87' lang='lat' dir='ltr'>pto</span> 
     </span>
     <span class='ocr_line' id='line_1_21' title="bbox 307 2191 1609 2280; baseline -0.005 -22"><span class='ocrx_word' id='word_1_203' title='bbox 307 2198 405 2261; x_wconf 84' lang='lat' dir='ltr'>domo</span> <span class='ocrx_word' id='word_1_204' title='bbox 427 2217 500 2279; x_wconf 83' lang='lat' dir='ltr'>cap.</span> <span class='ocrx_word' id='word_1_205' title='bbox 517 2195 590 2267; x_wconf 79' lang='grc'><strong>28..</strong></span> <span class='ocrx_word' id='word_1_206' title='bbox 613 2216 682 2280; x_wconf 79' lang='lat' dir='ltr'>quo</span> <span class='ocrx_word' id='word_1_207' title='bbox 700 2194 756 2257; x_wconf 84' lang='lat' dir='ltr'>iiie</span> <span class='ocrx_word' id='word_1_208' title='bbox 768 2216 831 2260; x_wconf 79' lang='lat' dir='ltr'>,me</span> <span class='ocrx_word' id='word_1_209' title='bbox 849 2197 1001 2276; x_wconf 77' lang='lat' dir='ltr'>populun</span> <span class='ocrx_word' id='word_1_210' title='bbox 1015 2197 1192 2259; x_wconf 75' lang='lat' dir='ltr'>Romamne</span> <span class='ocrx_word' id='word_1_211' title='bbox 1209 2216 1233 2257; x_wconf 86' lang='lat' dir='ltr'>a</span> <span class='ocrx_word' id='word_1_212' title='bbox 1248 2207 1356 2278; x_wconf 83' lang='lat' dir='ltr'>porta</span> <span class='ocrx_word' id='word_1_213' title='bbox 1372 2195 1411 2260; x_wconf 89' lang='lat' dir='ltr'>in</span> <span class='ocrx_word' id='word_1_214' title='bbox 1425 2191 1609 2276; x_wconf 75' lang='lat' dir='ltr'>Capitolium</span> 
     </span>
     <span class='ocr_line' id='line_1_22' title="bbox 307 2283 1606 2374; baseline -0.005 -21"><span class='ocrx_word' id='word_1_215' title='bbox 307 2302 410 2374; x_wconf 83' lang='lat' dir='ltr'>atque</span> <span class='ocrx_word' id='word_1_216' title='bbox 437 2290 473 2352; x_wconf 81' lang='lat' dir='ltr'>t&#39;n</span> <span class='ocrx_word' id='word_1_217' title='bbox 501 2289 643 2352; x_wconf 80' lang='lat' dir='ltr'>domum</span> <span class='ocrx_word' id='word_1_218' title='bbox 668 2308 734 2351; x_wconf 84' lang='lat' dir='ltr'>sun</span> <span class='ocrx_word' id='word_1_219' title='bbox 757 2288 951 2352; x_wconf 79' lang='lat' dir='ltr'>celebritate</span> <span class='ocrx_word' id='word_1_220' title='bbox 974 2288 1171 2372; x_wconf 81' lang='lat' dir='ltr'>laetitiaque</span> <span class='ocrx_word' id='word_1_221' title='bbox 1198 2290 1401 2353; x_wconf 83' lang='lat' dir='ltr'>comitatum</span> <span class='ocrx_word' id='word_1_222' title='bbox 1427 2283 1606 2356; x_wconf 74' lang='lat' dir='ltr'>honestavit,</span> 
     </span>
     <span class='ocr_line' id='line_1_23' title="bbox 306 2380 1606 2472; baseline -0.006 -26"><span class='ocrx_word' id='word_1_223' title='bbox 306 2395 425 2447; x_wconf 88' lang='lat' dir='ltr'>inntoe</span> <span class='ocrx_word' id='word_1_224' title='bbox 450 2382 535 2446; x_wconf 74' lang='lat' dir='ltr'>mitti</span> <span class='ocrx_word' id='word_1_225' title='bbox 554 2382 761 2445; x_wconf 80' lang='lat' dir='ltr'>iucunditati</span> <span class='ocrx_word' id='word_1_226' title='bbox 769 2380 874 2472; x_wconf 82' lang='lat' dir='ltr'>fuit,</span> <span class='ocrx_word' id='word_1_227' title='bbox 905 2395 943 2446; x_wconf 88' lang='lat' dir='ltr'>ut</span> <span class='ocrx_word' id='word_1_228' title='bbox 963 2394 1024 2445; x_wconf 88' lang='lat' dir='ltr'>tun</span> <span class='ocrx_word' id='word_1_229' title='bbox 1047 2382 1131 2446; x_wconf 86' lang='lat' dir='ltr'>milti</span> <span class='ocrx_word' id='word_1_230' title='bbox 1151 2386 1383 2447; x_wconf 69' lang='lat' dir='ltr'>conscelerata</span> <span class='ocrx_word' id='word_1_231' title='bbox 1408 2384 1470 2446; x_wconf 85' lang='lat' dir='ltr'>itta</span> <span class='ocrx_word' id='word_1_232' title='bbox 1491 2381 1538 2443; x_wconf 85' lang='lat' dir='ltr'>vis</span> <span class='ocrx_word' id='word_1_233' title='bbox 1555 2395 1606 2439; x_wconf 87' lang='lat' dir='ltr'>non</span> 
     </span>
     <span class='ocr_line' id='line_1_24' title="bbox 305 2472 1606 2568; baseline -0.005 -26"><span class='ocrx_word' id='word_1_234' title='bbox 305 2478 409 2542; x_wconf 84' lang='lat' dir='ltr'>modo</span> <span class='ocrx_word' id='word_1_235' title='bbox 440 2498 508 2541; x_wconf 91' lang='lat' dir='ltr'>non</span> <span class='ocrx_word' id='word_1_236' title='bbox 532 2476 789 2560; x_wconf 79' lang='lat' dir='ltr'>propulsando,</span> <span class='ocrx_word' id='word_1_237' title='bbox 819 2477 879 2539; x_wconf 81' lang='lat' dir='ltr'>sed</span> <span class='ocrx_word' id='word_1_238' title='bbox 906 2476 1010 2539; x_wconf 83' lang='lat' dir='ltr'>eiiam</span> <span class='ocrx_word' id='word_1_239' title='bbox 1035 2477 1178 2539; x_wconf 83' lang='lat' dir='ltr'>emenda</span> <span class='ocrx_word' id='word_1_240' title='bbox 1190 2473 1319 2568; x_wconf 76' lang='lat' dir='ltr'>fuitne</span> <span class='ocrx_word' id='word_1_241' title='bbox 1338 2477 1508 2540; x_wconf 75' lang='lat' dir='ltr'>niteanm</span> <span class='ocrx_word' id='word_1_242' title='bbox 1546 2472 1606 2536; x_wconf 79' lang='lat' dir='ltr'>tn</span> 
     </span>
     <span class='ocr_line' id='line_1_25' title="bbox 304 2567 1605 2644; baseline -0.009 -10"><span class='ocrx_word' id='word_1_243' title='bbox 304 2573 439 2634; x_wconf 78' lang='lat' dir='ltr'>tarcbur</span> <span class='ocrx_word' id='word_1_244' title='bbox 457 2591 487 2633; x_wconf 90' lang='lat' dir='ltr'>c.</span> <span class='ocrx_word' id='word_1_245' title='bbox 508 2570 560 2633; x_wconf 82' lang='lat'>33.</span> <span class='ocrx_word' id='word_1_246' title='bbox 580 2568 705 2644; x_wconf 80' lang='lat' dir='ltr'>scribit,</span> <span class='ocrx_word' id='word_1_247' title='bbox 734 2568 909 2635; x_wconf 85' lang='lat' dir='ltr'>revertenti</span> <span class='ocrx_word' id='word_1_248' title='bbox 932 2567 1083 2633; x_wconf 83' lang='lat' dir='ltr'>Ciceroni</span> <span class='ocrx_word' id='word_1_249' title='bbox 1105 2581 1191 2632; x_wconf 90' lang='lat' dir='ltr'>tanta</span> <span class='ocrx_word' id='word_1_250' title='bbox 1212 2569 1325 2632; x_wconf 85' lang='lat' dir='ltr'>laetitia</span> <span class='ocrx_word' id='word_1_251' title='bbox 1347 2570 1510 2644; x_wconf 82' lang='lat' dir='ltr'>civitates,</span> <span class='ocrx_word' id='word_1_252' title='bbox 1536 2575 1605 2628; x_wconf 82' lang='lat' dir='ltr'>tanto</span> 
     </span>
     <span class='ocr_line' id='line_1_26' title="bbox 303 2661 1605 2747; baseline -0.008 -18"><span class='ocrx_word' id='word_1_253' title='bbox 303 2666 408 2729; x_wconf 84' lang='lat' dir='ltr'>etutlio</span> <span class='ocrx_word' id='word_1_254' title='bbox 438 2662 583 2728; x_wconf 84' lang='lat' dir='ltr'>homines</span> <span class='ocrx_word' id='word_1_255' title='bbox 613 2661 740 2727; x_wconf 80' lang='lat' dir='ltr'>obviam</span> <span class='ocrx_word' id='word_1_256' title='bbox 767 2663 907 2737; x_wconf 81' lang='lat' dir='ltr'>venisse,</span> <span class='ocrx_word' id='word_1_257' title='bbox 942 2675 977 2725; x_wconf 89' lang='lat' dir='ltr'>ttt</span> <span class='ocrx_word' id='word_1_258' title='bbox 1003 2664 1082 2725; x_wconf 88' lang='lat' dir='ltr'>inira</span> <span class='ocrx_word' id='word_1_259' title='bbox 1111 2663 1274 2725; x_wconf 87' lang='lat' dir='ltr'>veritatem</span> <span class='ocrx_word' id='word_1_260' title='bbox 1303 2664 1363 2738; x_wconf 80' lang='lat' dir='ltr'>sit,</span> <span class='ocrx_word' id='word_1_261' title='bbox 1399 2665 1486 2747; x_wconf 87' lang='lat' dir='ltr'>quod</span> <span class='ocrx_word' id='word_1_262' title='bbox 1515 2671 1605 2743; x_wconf 85' lang='lat' dir='ltr'>postet</span> 
     </span>
     <span class='ocr_line' id='line_1_27' title="bbox 303 2754 1605 2839; baseline -0.006 -20"><span class='ocrx_word' id='word_1_263' title='bbox 303 2758 401 2834; x_wconf 69' lang='lat' dir='ltr'>dixit,</span> <span class='ocrx_word' id='word_1_264' title='bbox 431 2779 466 2820; x_wconf 89' lang='lat' dir='ltr'>se</span> <span class='ocrx_word' id='word_1_265' title='bbox 488 2756 628 2819; x_wconf 81' lang='lat' dir='ltr'>humeris</span> <span class='ocrx_word' id='word_1_266' title='bbox 651 2756 760 2821; x_wconf 86' lang='lat' dir='ltr'>ltaliae</span> <span class='ocrx_word' id='word_1_267' title='bbox 780 2757 915 2820; x_wconf 85' lang='lat' dir='ltr'>Rotnsm</span> <span class='ocrx_word' id='word_1_268' title='bbox 943 2767 1140 2839; x_wconf 88' lang='lat' dir='ltr'>reportatum</span> <span class='ocrx_word' id='word_1_269' title='bbox 1168 2755 1277 2819; x_wconf 80' lang='lat' dir='ltr'>fuisse.</span> <span class='ocrx_word' id='word_1_270' title='bbox 1322 2757 1415 2821; x_wconf 77' lang='lat' dir='ltr'>Dixit</span> <span class='ocrx_word' id='word_1_271' title='bbox 1439 2770 1536 2820; x_wconf 85' lang='lat' dir='ltr'>autem</span> <span class='ocrx_word' id='word_1_272' title='bbox 1559 2754 1605 2814; x_wconf 92' lang='lat' dir='ltr'>bot</span> 
     </span>
     <span class='ocr_line' id='line_1_28' title="bbox 301 2840 1603 2933; baseline -0.002 -18"><span class='ocrx_word' id='word_1_273' title='bbox 301 2850 333 2915; x_wconf 88' lang='lat' dir='ltr'>in</span> <span class='ocrx_word' id='word_1_274' title='bbox 358 2864 501 2915; x_wconf 83' lang='lat' dir='ltr'>extreme</span> <span class='ocrx_word' id='word_1_275' title='bbox 527 2849 675 2913; x_wconf 82' lang='lat' dir='ltr'>oratione</span> <span class='ocrx_word' id='word_1_276' title='bbox 696 2861 772 2933; x_wconf 82' lang='lat' dir='ltr'>poti</span> <span class='ocrx_word' id='word_1_277' title='bbox 789 2851 925 2914; x_wconf 87' lang='lat' dir='ltr'>reditum</span> <span class='ocrx_word' id='word_1_278' title='bbox 945 2849 1124 2923; x_wconf 80' lang='lat' dir='ltr'>insertato.</span> <span class='ocrx_word' id='word_1_279' title='bbox 1169 2849 1334 2915; x_wconf 73' lang='lat' dir='ltr'>Postridie</span> <span class='ocrx_word' id='word_1_280' title='bbox 1357 2850 1390 2915; x_wconf 89' lang='lat' dir='ltr'>in</span> <span class='ocrx_word' id='word_1_281' title='bbox 1418 2861 1538 2926; x_wconf 74' lang='lat' dir='ltr'>senatu,</span> <span class='ocrx_word' id='word_1_282' title='bbox 1563 2840 1603 2929; x_wconf 76' lang='lat' dir='ltr'>qui</span> 
     </span>
     <span class='ocr_line' id='line_1_29' title="bbox 300 2944 1605 3030; baseline -0.005 -20"><span class='ocrx_word' id='word_1_283' title='bbox 300 2944 363 3011; x_wconf 86' lang='lat' dir='ltr'>tuit</span> <span class='ocrx_word' id='word_1_284' title='bbox 384 2946 451 3009; x_wconf 83' lang='lat' dir='ltr'>dies</span> <span class='ocrx_word' id='word_1_285' title='bbox 473 2946 562 3009; x_wconf 87' lang='lat' dir='ltr'>Non.</span> <span class='ocrx_word' id='word_1_286' title='bbox 582 2944 784 3027; x_wconf 82' lang='lat' dir='ltr'>Septembr.,</span> <span class='ocrx_word' id='word_1_287' title='bbox 815 2946 937 3008; x_wconf 84' lang='lat' dir='ltr'>senatui</span> <span class='ocrx_word' id='word_1_288' title='bbox 959 2945 1078 3030; x_wconf 80' lang='lat' dir='ltr'>gratias</span> <span class='ocrx_word' id='word_1_289' title='bbox 1099 2945 1165 3028; x_wconf 80' lang='lat' dir='ltr'>egit</span> <span class='ocrx_word' id='word_1_290' title='bbox 1188 2965 1223 3008; x_wconf 87' lang='lat' dir='ltr'>ea</span> <span class='ocrx_word' id='word_1_291' title='bbox 1247 2945 1414 3021; x_wconf 83' lang='lat' dir='ltr'>oratioue,</span> <span class='ocrx_word' id='word_1_292' title='bbox 1446 2964 1522 3028; x_wconf 84' lang='lat' dir='ltr'>quae</span> <span class='ocrx_word' id='word_1_293' title='bbox 1541 2946 1605 3024; x_wconf 85' lang='lat' dir='ltr'>post</span> 
     </span>
     <span class='ocr_line' id='line_1_30' title="bbox 290 3034 1602 3123; baseline -0.003 -18"><span class='ocrx_word' id='word_1_294' title='bbox 290 3039 450 3105; x_wconf 66' lang='lat' dir='ltr'>reditum</span> <span class='ocrx_word' id='word_1_295' title='bbox 471 3038 508 3101; x_wconf 90' lang='lat' dir='ltr'>in</span> <span class='ocrx_word' id='word_1_296' title='bbox 529 3048 653 3101; x_wconf 82' lang='lat' dir='ltr'>renutu</span> <span class='ocrx_word' id='word_1_297' title='bbox 674 3036 824 3118; x_wconf 79' lang='lat' dir='ltr'>iuscripta</span> <span class='ocrx_word' id='word_1_298' title='bbox 846 3049 959 3103; x_wconf 80' lang='lat' dir='ltr'>exstat.</span> <span class='ocrx_word' id='word_1_299' title='bbox 1008 3037 1086 3123; x_wconf 76' lang='lat' dir='ltr'>Egit</span> <span class='ocrx_word' id='word_1_300' title='bbox 1112 3038 1204 3100; x_wconf 83' lang='lat' dir='ltr'>etiam</span> <span class='ocrx_word' id='word_1_301' title='bbox 1232 3040 1355 3121; x_wconf 87' lang='lat' dir='ltr'>popolo</span> <span class='ocrx_word' id='word_1_302' title='bbox 1377 3042 1475 3106; x_wconf 85' lang='lat' dir='ltr'>Rom.</span> <span class='ocrx_word' id='word_1_303' title='bbox 1506 3034 1602 3121; x_wconf 75' lang='lat' dir='ltr'>grilitt</span> 
     </span>
     <span class='ocr_line' id='line_1_31' title="bbox 300 3131 1603 3217; baseline -0.009 -21"><span class='ocrx_word' id='word_1_304' title='bbox 300 3133 399 3196; x_wconf 85' lang='lat' dir='ltr'>altera</span> <span class='ocrx_word' id='word_1_305' title='bbox 422 3131 585 3206; x_wconf 81' lang='lat' dir='ltr'>oratioue,</span> <span class='ocrx_word' id='word_1_306' title='bbox 609 3152 690 3216; x_wconf 86' lang='lat' dir='ltr'>quae</span> <span class='ocrx_word' id='word_1_307' title='bbox 711 3144 788 3213; x_wconf 84' lang='lat' dir='ltr'>port</span> <span class='ocrx_word' id='word_1_308' title='bbox 809 3132 959 3196; x_wconf 78' lang='lat' dir='ltr'>reditum</span> <span class='ocrx_word' id='word_1_309' title='bbox 979 3133 1026 3196; x_wconf 83' lang='lat' dir='ltr'>nti</span> <span class='ocrx_word' id='word_1_310' title='bbox 1046 3132 1200 3217; x_wconf 75' lang='lat' dir='ltr'>Quirites</span> <span class='ocrx_word' id='word_1_311' title='bbox 1222 3133 1434 3197; x_wconf 81' lang='lat' dir='ltr'>inscribitttr.¹</span> <span class='ocrx_word' id='word_1_312' title='bbox 1470 3133 1517 3197; x_wconf 90' lang='lat' dir='ltr'>De</span> <span class='ocrx_word' id='word_1_313' title='bbox 1535 3139 1603 3190; x_wconf 89' lang='lat' dir='ltr'>utra·</span> 
     </span>
     <span class='ocr_line' id='line_1_32' title="bbox 235 3213 1603 3322; baseline -0.001 -33"><span class='ocrx_word' id='word_1_314' title='bbox 235 3223 239 3231; x_wconf 84' lang='lat'>&#39;</span> <span class='ocrx_word' id='word_1_315' title='bbox 300 3247 362 3311; x_wconf 86' lang='lat' dir='ltr'>que</span> <span class='ocrx_word' id='word_1_316' title='bbox 377 3228 442 3291; x_wconf 91' lang='lat' dir='ltr'>Dio</span> <span class='ocrx_word' id='word_1_317' title='bbox 465 3226 509 3290; x_wconf 88' lang='lat' dir='ltr'>ita</span> <span class='ocrx_word' id='word_1_318' title='bbox 531 3225 659 3289; x_wconf 71' lang='lat' dir='ltr'>scribite</span> <span class='ocrx_word' id='word_1_319' title='bbox 693 3227 847 3307; x_wconf 78' lang='grc' dir='ltr'><strong><em>κατῆλθέ</em></strong></span> <span class='ocrx_word' id='word_1_320' title='bbox 866 3249 899 3291; x_wconf 83' lang='lat' dir='ltr'>re</span> <span class='ocrx_word' id='word_1_321' title='bbox 921 3213 980 3292; x_wconf 79' lang='grc' dir='ltr'>οὖν</span> <span class='ocrx_word' id='word_1_322' title='bbox 1005 3220 1024 3290; x_wconf 87' lang='grc' dir='ltr'><strong><em>ὁ</em></strong></span> <span class='ocrx_word' id='word_1_323' title='bbox 1045 3228 1194 3315; x_wconf 70' lang='grc' dir='ltr'><strong><em>Κικέρων</em></strong></span> <span class='ocrx_word' id='word_1_324' title='bbox 1218 3232 1273 3294; x_wconf 79' lang='grc' dir='ltr'>καὶ</span> <span class='ocrx_word' id='word_1_325' title='bbox 1292 3224 1392 3317; x_wconf 76' lang='grc' dir='ltr'><strong><em>χάριν</em></strong></span> <span class='ocrx_word' id='word_1_326' title='bbox 1412 3228 1451 3322; x_wconf 74' lang='grc' dir='ltr'>τῇ</span> <span class='ocrx_word' id='word_1_327' title='bbox 1471 3250 1502 3291; x_wconf 83' lang='grc' dir='ltr'>τε</span> <span class='ocrx_word' id='word_1_328' title='bbox 1520 3216 1603 3308; x_wconf 61' lang='lat' dir='ltr'>poilgi</span> 
     </span>
     <span class='ocr_line' id='line_1_33' title="bbox 298 3314 1626 3417; baseline 0.001 -33"><span class='ocrx_word' id='word_1_329' title='bbox 298 3325 354 3385; x_wconf 79' lang='grc' dir='ltr'>καὶ</span> <span class='ocrx_word' id='word_1_330' title='bbox 370 3320 416 3412; x_wconf 74' lang='grc' dir='ltr'>τῷ</span> <span class='ocrx_word' id='word_1_331' title='bbox 430 3315 537 3411; x_wconf 74' lang='grc' dir='ltr'><em>δήμῳ,</em></span> <span class='ocrx_word' id='word_1_332' title='bbox 558 3314 797 3409; x_wconf 77' lang='grc' dir='ltr'><strong><em>παρασχόντων</em></strong></span> <span class='ocrx_word' id='word_1_333' title='bbox 811 3314 900 3410; x_wconf 72' lang='grc' dir='ltr'>αὐτῷ</span> <span class='ocrx_word' id='word_1_334' title='bbox 915 3320 978 3384; x_wconf 82' lang='grc' dir='ltr'>τῶν</span> <span class='ocrx_word' id='word_1_335' title='bbox 991 3314 1140 3399; x_wconf 75' lang='grc' dir='ltr'><strong><em>ὑπατων,</em></strong></span> <span class='ocrx_word' id='word_1_336' title='bbox 1162 3325 1216 3385; x_wconf 77' lang='grc' dir='ltr'>καὶ</span> <span class='ocrx_word' id='word_1_337' title='bbox 1231 3320 1317 3386; x_wconf 81' lang='grc' dir='ltr'><strong><em>κατὰ</em></strong></span> <span class='ocrx_word' id='word_1_338' title='bbox 1335 3317 1373 3387; x_wconf 80' lang='grc' dir='ltr'>τὸ</span> <span class='ocrx_word' id='word_1_339' title='bbox 1388 3315 1550 3407; x_wconf 79' lang='grc' dir='ltr'><strong><em>συνέδριον</em></strong></span> <span class='ocrx_word' id='word_1_340' title='bbox 1561 3314 1603 3417; x_wconf 66' lang='lat' dir='ltr'>itti</span> <span class='ocrx_word' id='word_1_341' title='bbox 1625 3336 1626 3385; x_wconf 77' lang='lat' dir='ltr'>t</span> 
     </span>
     <span class='ocr_line' id='line_1_34' title="bbox 298 3409 1601 3499; baseline -0.003 -23"><span class='ocrx_word' id='word_1_342' title='bbox 298 3409 386 3478; x_wconf 83' lang='grc' dir='ltr'><strong><em>κατὰ</em></strong></span> <span class='ocrx_word' id='word_1_343' title='bbox 411 3410 469 3493; x_wconf 75' lang='grc' dir='ltr'>τὴν</span> <span class='ocrx_word' id='word_1_344' title='bbox 494 3416 665 3495; x_wconf 75' lang='grc' dir='ltr'><strong><em>ἐκκλησίαν</em></strong></span> <span class='ocrx_word' id='word_1_345' title='bbox 690 3413 780 3499; x_wconf 49' lang='grc' dir='ltr'><strong>ἔγνω.</strong></span> <span class='ocrx_word' id='word_1_346' title='bbox 827 3415 866 3479; x_wconf 79' lang='lat' dir='ltr'>ic</span> <span class='ocrx_word' id='word_1_347' title='bbox 894 3425 958 3477; x_wconf 83' lang='lat' dir='ltr'>est:</span> <span class='ocrx_word' id='word_1_348' title='bbox 986 3413 1110 3483; x_wconf 78' lang='lat' dir='ltr'>,Rediit</span> <span class='ocrx_word' id='word_1_349' title='bbox 1139 3414 1252 3498; x_wconf 83' lang='lat' dir='ltr'>igitur</span> <span class='ocrx_word' id='word_1_350' title='bbox 1277 3416 1399 3481; x_wconf 83' lang='lat' dir='ltr'>Cicero</span> <span class='ocrx_word' id='word_1_351' title='bbox 1428 3425 1461 3477; x_wconf 86' lang='lat' dir='ltr'>et</span> <span class='ocrx_word' id='word_1_352' title='bbox 1490 3417 1601 3494; x_wconf 73' lang='lat' dir='ltr'>greitai</span> 
     </span>
    </p>
   </div>
   <div class='ocr_carea' id='block_1_4' title="bbox 244 3547 1626 4910">
    <p class='ocr_par' dir='ltr' id='par_1_4' title="bbox 296 3547 1626 4158">
     <span class='ocr_line' id='line_1_35' title="bbox 339 3547 1626 3641; baseline -0.014 -25"><span class='ocrx_word' id='word_1_353' title='bbox 339 3560 368 3633; x_wconf 84' lang='lat'>1)</span> <span class='ocrx_word' id='word_1_354' title='bbox 388 3562 445 3614; x_wconf 86' lang='lat' dir='ltr'>liae</span> <span class='ocrx_word' id='word_1_355' title='bbox 463 3575 526 3612; x_wconf 87' lang='lat' dir='ltr'>cum</span> <span class='ocrx_word' id='word_1_356' title='bbox 546 3556 650 3611; x_wconf 85' lang='lat' dir='ltr'>duabus</span> <span class='ocrx_word' id='word_1_357' title='bbox 672 3557 729 3614; x_wconf 76' lang='lat' dir='ltr'>titis</span> <span class='ocrx_word' id='word_1_358' title='bbox 748 3576 798 3631; x_wconf 90' lang='lat' dir='ltr'>pro</span> <span class='ocrx_word' id='word_1_359' title='bbox 818 3556 902 3610; x_wconf 89' lang='lat' dir='ltr'>domo</span> <span class='ocrx_word' id='word_1_360' title='bbox 918 3575 966 3611; x_wconf 84' lang='lat' dir='ltr'>ans</span> <span class='ocrx_word' id='word_1_361' title='bbox 987 3574 1014 3612; x_wconf 87' lang='lat' dir='ltr'>et</span> <span class='ocrx_word' id='word_1_362' title='bbox 1034 3558 1068 3611; x_wconf 85' lang='lat' dir='ltr'>de</span> <span class='ocrx_word' id='word_1_363' title='bbox 1082 3561 1258 3633; x_wconf 82' lang='lat' dir='ltr'>barutpicum</span> <span class='ocrx_word' id='word_1_364' title='bbox 1273 3565 1428 3635; x_wconf 81' lang='lat' dir='ltr'>responsis,</span> <span class='ocrx_word' id='word_1_365' title='bbox 1448 3547 1601 3629; x_wconf 79' lang='lat' dir='ltr'>nepertia·</span> <span class='ocrx_word' id='word_1_366' title='bbox 1625 3598 1626 3641; x_wconf 29' lang='lat' dir='ltr'>i</span> 
     </span>
     <span class='ocr_line' id='line_1_36' title="bbox 297 3631 1626 3708; baseline -0.011 -18"><span class='ocrx_word' id='word_1_367' title='bbox 297 3636 385 3691; x_wconf 71' lang='lat' dir='ltr'>celsio</span> <span class='ocrx_word' id='word_1_368' title='bbox 404 3631 547 3698; x_wconf 80' lang='lat' dir='ltr'>defensae,</span> <span class='ocrx_word' id='word_1_369' title='bbox 577 3633 613 3685; x_wconf 87' lang='lat' dir='ltr'>sb</span> <span class='ocrx_word' id='word_1_370' title='bbox 633 3637 727 3706; x_wconf 85' lang='lat' dir='ltr'>inepto</span> <span class='ocrx_word' id='word_1_371' title='bbox 748 3633 934 3687; x_wconf 75' lang='lat' dir='ltr'>declamatore</span> <span class='ocrx_word' id='word_1_372' title='bbox 959 3638 1057 3706; x_wconf 89' lang='lat' dir='ltr'>primis</span> <span class='ocrx_word' id='word_1_373' title='bbox 1080 3639 1195 3706; x_wconf 78' lang='lat' dir='ltr'>Augusti</span> <span class='ocrx_word' id='word_1_374' title='bbox 1215 3639 1312 3701; x_wconf 88' lang='lat' dir='ltr'>aunis,</span> <span class='ocrx_word' id='word_1_375' title='bbox 1338 3653 1368 3689; x_wconf 88' lang='lat' dir='ltr'>tn</span> <span class='ocrx_word' id='word_1_376' title='bbox 1396 3650 1480 3708; x_wconf 86' lang='lat' dir='ltr'>puto,</span> <span class='ocrx_word' id='word_1_377' title='bbox 1505 3641 1560 3680; x_wconf 87' lang='lat' dir='ltr'>ante</span> <span class='ocrx_word' id='word_1_378' title='bbox 1583 3633 1600 3669; x_wconf 91' lang='lat' dir='ltr'>t.</span> <span class='ocrx_word' id='word_1_379' title='bbox 1625 3662 1626 3671; x_wconf 78' lang='grc'><strong>.</strong></span> 
     </span>
     <span class='ocr_line' id='line_1_37' title="bbox 300 3709 1626 3783; baseline -0.017 -19"><span class='ocrx_word' id='word_1_380' title='bbox 300 3729 328 3766; x_wconf 83' lang='lat' dir='ltr'>tr.</span> <span class='ocrx_word' id='word_1_381' title='bbox 347 3728 373 3765; x_wconf 89' lang='lat' dir='ltr'>c.</span> <span class='ocrx_word' id='word_1_382' title='bbox 393 3709 457 3768; x_wconf 76' lang='lat' dir='ltr'>tito.</span> <span class='ocrx_word' id='word_1_383' title='bbox 475 3713 648 3782; x_wconf 83' lang='lat' dir='ltr'>compositae</span> <span class='ocrx_word' id='word_1_384' title='bbox 660 3711 843 3779; x_wconf 84' lang='lat' dir='ltr'>Ciceronlqne</span> <span class='ocrx_word' id='word_1_385' title='bbox 861 3709 981 3762; x_wconf 85' lang='lat' dir='ltr'>tributae</span> <span class='ocrx_word' id='word_1_386' title='bbox 1000 3724 1075 3763; x_wconf 86' lang='lat' dir='ltr'>tunt.</span> <span class='ocrx_word' id='word_1_387' title='bbox 1109 3710 1250 3783; x_wconf 73' lang='lat' dir='ltr'>Surpicarl</span> <span class='ocrx_word' id='word_1_388' title='bbox 1270 3714 1337 3766; x_wconf 86' lang='lat' dir='ltr'>licet</span> <span class='ocrx_word' id='word_1_389' title='bbox 1359 3728 1473 3783; x_wconf 31' lang='lat' dir='ltr'>praeter·</span> <span class='ocrx_word' id='word_1_390' title='bbox 1486 3719 1528 3767; x_wconf 78' lang='lat' dir='ltr'>es,</span> <span class='ocrx_word' id='word_1_391' title='bbox 1547 3709 1600 3768; x_wconf 84' lang='lat' dir='ltr'>qnae</span> <span class='ocrx_word' id='word_1_392' title='bbox 1625 3720 1626 3763; x_wconf 56' lang='lat'>3</span> 
     </span>
     <span class='ocr_line' id='line_1_38' title="bbox 296 3771 1599 3858; baseline -0.008 -17"><span class='ocrx_word' id='word_1_393' title='bbox 296 3785 423 3841; x_wconf 79' lang='lat' dir='ltr'>falsarius</span> <span class='ocrx_word' id='word_1_394' title='bbox 437 3802 451 3838; x_wconf 91' lang='lat' dir='ltr'>e</span> <span class='ocrx_word' id='word_1_395' title='bbox 466 3786 614 3839; x_wconf 72' lang='lat' dir='ltr'>Pisoniana</span> <span class='ocrx_word' id='word_1_396' title='bbox 627 3798 654 3836; x_wconf 89' lang='lat' dir='ltr'>et</span> <span class='ocrx_word' id='word_1_397' title='bbox 668 3783 792 3839; x_wconf 73' lang='lat' dir='ltr'>bertistis</span> <span class='ocrx_word' id='word_1_398' title='bbox 806 3783 954 3839; x_wconf 81' lang='lat' dir='ltr'>suffuratus</span> <span class='ocrx_word' id='word_1_399' title='bbox 968 3800 1025 3851; x_wconf 76' lang='lat' dir='ltr'>est,</span> <span class='ocrx_word' id='word_1_400' title='bbox 1046 3784 1099 3837; x_wconf 87' lang='lat' dir='ltr'>alia</span> <span class='ocrx_word' id='word_1_401' title='bbox 1115 3787 1250 3858; x_wconf 86' lang='lat' dir='ltr'>permulta</span> <span class='ocrx_word' id='word_1_402' title='bbox 1269 3789 1367 3841; x_wconf 86' lang='lat' dir='ltr'>hsttsttt</span> <span class='ocrx_word' id='word_1_403' title='bbox 1383 3803 1440 3840; x_wconf 83' lang='lat' dir='ltr'>cete</span> <span class='ocrx_word' id='word_1_404' title='bbox 1453 3800 1468 3836; x_wconf 92' lang='lat' dir='ltr'>e</span> <span class='ocrx_word' id='word_1_405' title='bbox 1481 3771 1599 3834; x_wconf 72' lang='lat' dir='ltr'>ciceronis</span> 
     </span>
     <span class='ocr_line' id='line_1_39' title="bbox 296 3845 1602 3937; baseline -0.008 -22"><span class='ocrx_word' id='word_1_406' title='bbox 296 3861 482 3934; x_wconf 68' lang='lat' dir='ltr'>&amp;positione</span> <span class='ocrx_word' id='word_1_407' title='bbox 510 3878 623 3912; x_wconf 86' lang='lat' dir='ltr'>suormn</span> <span class='ocrx_word' id='word_1_408' title='bbox 649 3860 841 3926; x_wconf 81' lang='lat' dir='ltr'>consiliorum,</span> <span class='ocrx_word' id='word_1_409' title='bbox 867 3877 949 3932; x_wconf 86' lang='lat' dir='ltr'>quem</span> <span class='ocrx_word' id='word_1_410' title='bbox 974 3856 1077 3913; x_wconf 85' lang='lat' dir='ltr'>librum</span> <span class='ocrx_word' id='word_1_411' title='bbox 1104 3858 1141 3912; x_wconf 79' lang='lat' dir='ltr'>ad</span> <span class='ocrx_word' id='word_1_412' title='bbox 1165 3863 1371 3917; x_wconf 73' lang='lat' dir='ltr'>bononianum</span> <span class='ocrx_word' id='word_1_413' title='bbox 1401 3856 1483 3915; x_wconf 84' lang='lat' dir='ltr'>refert</span> <span class='ocrx_word' id='word_1_414' title='bbox 1503 3852 1552 3906; x_wconf 84' lang='lat' dir='ltr'>Dio</span> <span class='ocrx_word' id='word_1_415' title='bbox 1568 3845 1602 3937; x_wconf 55' lang='lat'>§91</span> 
     </span>
     <span class='ocr_line' id='line_1_40' title="bbox 298 3928 1602 4008; baseline -0.015 -18"><span class='ocrx_word' id='word_1_416' title='bbox 298 3944 343 3995; x_wconf 79' lang='lat'>10.</span> <span class='ocrx_word' id='word_1_417' title='bbox 364 3937 399 3992; x_wconf 84' lang='lat' dir='ltr'>T.</span> <span class='ocrx_word' id='word_1_418' title='bbox 414 3937 437 3991; x_wconf 92' lang='lat'>1.</span> <span class='ocrx_word' id='word_1_419' title='bbox 458 3955 484 4008; x_wconf 91' lang='lat' dir='ltr'>p.</span> <span class='ocrx_word' id='word_1_420' title='bbox 498 3938 568 3994; x_wconf 76' lang='lat'><strong>[188.</strong></span> <span class='ocrx_word' id='word_1_421' title='bbox 588 3933 679 3989; x_wconf 78' lang='lat' dir='ltr'>Stura.</span> <span class='ocrx_word' id='word_1_422' title='bbox 718 3936 824 3989; x_wconf 85' lang='lat' dir='ltr'>Notum</span> <span class='ocrx_word' id='word_1_423' title='bbox 845 3951 937 3988; x_wconf 86' lang='lat' dir='ltr'>autem</span> <span class='ocrx_word' id='word_1_424' title='bbox 958 3950 1149 4006; x_wconf 77' lang='lat' dir='ltr'>argumentum</span> <span class='ocrx_word' id='word_1_425' title='bbox 1168 3936 1294 4003; x_wconf 74' lang='grc' dir='ltr'><strong><em>νοθείας</em></strong></span> <span class='ocrx_word' id='word_1_426' title='bbox 1313 3943 1430 3991; x_wconf 83' lang='lat' dir='ltr'>istarum</span> <span class='ocrx_word' id='word_1_427' title='bbox 1447 3928 1602 3985; x_wconf 84' lang='lat' dir='ltr'>declamaue-</span> 
     </span>
     <span class='ocr_line' id='line_1_41' title="bbox 298 4007 1598 4086; baseline -0.013 -21"><span class='ocrx_word' id='word_1_428' title='bbox 298 4030 365 4065; x_wconf 86' lang='lat' dir='ltr'>num</span> <span class='ocrx_word' id='word_1_429' title='bbox 378 4014 517 4066; x_wconf 82' lang='lat' dir='ltr'>trtltlmtts</span> <span class='ocrx_word' id='word_1_430' title='bbox 530 4031 545 4065; x_wconf 91' lang='lat' dir='ltr'>e</span> <span class='ocrx_word' id='word_1_431' title='bbox 558 4008 679 4065; x_wconf 77' lang='lat' dir='ltr'>seboim</span> <span class='ocrx_word' id='word_1_432' title='bbox 699 4009 883 4066; x_wconf 71' lang='lat' dir='ltr'>bobiensibus</span> <span class='ocrx_word' id='word_1_433' title='bbox 897 4010 932 4063; x_wconf 87' lang='lat' dir='ltr'>sd</span> <span class='ocrx_word' id='word_1_434' title='bbox 945 4011 1025 4065; x_wconf 80' lang='lat' dir='ltr'>Onu.</span> <span class='ocrx_word' id='word_1_435' title='bbox 1044 4026 1105 4082; x_wconf 82' lang='lat' dir='ltr'>post</span> <span class='ocrx_word' id='word_1_436' title='bbox 1118 4009 1175 4067; x_wconf 84' lang='lat' dir='ltr'>red.</span> <span class='ocrx_word' id='word_1_437' title='bbox 1189 4015 1218 4063; x_wconf 89' lang='lat' dir='ltr'>in</span> <span class='ocrx_word' id='word_1_438' title='bbox 1231 4029 1290 4067; x_wconf 84' lang='lat' dir='ltr'>aen.</span> <span class='ocrx_word' id='word_1_439' title='bbox 1309 4032 1338 4086; x_wconf 86' lang='lat' dir='ltr'>p.</span> <span class='ocrx_word' id='word_1_440' title='bbox 1354 4016 1418 4071; x_wconf 70' lang='grc'><strong>228.</strong></span> <span class='ocrx_word' id='word_1_441' title='bbox 1435 4008 1485 4064; x_wconf 80' lang='lat' dir='ltr'>Ed.</span> <span class='ocrx_word' id='word_1_442' title='bbox 1498 4007 1598 4055; x_wconf 72' lang='lat' dir='ltr'>noctise:</span> 
     </span>
     <span class='ocr_line' id='line_1_42' title="bbox 299 4082 1601 4158; baseline -0.014 -18"><span class='ocrx_word' id='word_1_443' title='bbox 299 4087 470 4141; x_wconf 87' lang='lat' dir='ltr'>Orationurn</span> <span class='ocrx_word' id='word_1_444' title='bbox 489 4086 559 4139; x_wconf 87' lang='lat' dir='ltr'>ordo</span> <span class='ocrx_word' id='word_1_445' title='bbox 578 4085 774 4139; x_wconf 75' lang='lat' dir='ltr'>Trallianorum</span> <span class='ocrx_word' id='word_1_446' title='bbox 792 4104 812 4137; x_wconf 82' lang='lat' dir='ltr'><em>a</em></span> <span class='ocrx_word' id='word_1_447' title='bbox 830 4086 910 4139; x_wconf 86' lang='lat' dir='ltr'>nobis</span> <span class='ocrx_word' id='word_1_448' title='bbox 925 4082 1059 4156; x_wconf 77' lang='lat' dir='ltr'>proficio</span> <span class='ocrx_word' id='word_1_449' title='bbox 1074 4086 1256 4154; x_wconf 81' lang='lat' dir='ltr'>postulabat,</span> <span class='ocrx_word' id='word_1_450' title='bbox 1281 4097 1314 4139; x_wconf 88' lang='lat' dir='ltr'>ut</span> <span class='ocrx_word' id='word_1_451' title='bbox 1333 4083 1523 4158; x_wconf 77' lang='lat' dir='ltr'>praecedentis</span> <span class='ocrx_word' id='word_1_452' title='bbox 1539 4086 1601 4125; x_wconf 79' lang='lat' dir='ltr'>com·</span> 
     </span>
    </p>

    <p class='ocr_par' dir='ltr' id='par_1_5' title="bbox 244 4137 1625 4910">
     <span class='ocr_line' id='line_1_43' title="bbox 244 4137 1599 4236; baseline -0.009 -20"><span class='ocrx_word' id='word_1_453' title='bbox 244 4214 248 4223; x_wconf 87' lang='grc'><em>,</em></span> <span class='ocrx_word' id='word_1_454' title='bbox 297 4169 438 4217; x_wconf 82' lang='lat' dir='ltr'>menterin</span> <span class='ocrx_word' id='word_1_455' title='bbox 455 4181 518 4215; x_wconf 86' lang='lat' dir='ltr'>eant</span> <span class='ocrx_word' id='word_1_456' title='bbox 534 4161 745 4226; x_wconf 79' lang='lat' dir='ltr'>subiicerentus,</span> <span class='ocrx_word' id='word_1_457' title='bbox 770 4180 840 4231; x_wconf 79' lang='lat' dir='ltr'>quae</span> <span class='ocrx_word' id='word_1_458' title='bbox 861 4162 1026 4213; x_wconf 73' lang='lat' dir='ltr'>inscribitur</span> <span class='ocrx_word' id='word_1_459' title='bbox 1049 4161 1082 4215; x_wconf 89' lang='lat' dir='ltr'>SI</span> <span class='ocrx_word' id='word_1_460' title='bbox 1108 4162 1191 4216; x_wconf 83' lang='lat' dir='ltr'>EUM</span> <span class='ocrx_word' id='word_1_461' title='bbox 1217 4164 1246 4217; x_wconf 87' lang='lat' dir='ltr'>P.</span> <span class='ocrx_word' id='word_1_462' title='bbox 1272 4161 1436 4222; x_wconf 87' lang='lat' dir='ltr'>CLODlUS</span> <span class='ocrx_word' id='word_1_463' title='bbox 1462 4137 1599 4236; x_wconf 57' lang='lat' dir='ltr'>LIiGlBiJs</span> 
     </span>
     <span class='ocr_line' id='line_1_44' title="bbox 298 4228 1599 4312; baseline -0.012 -21"><span class='ocrx_word' id='word_1_464' title='bbox 298 4237 621 4296; x_wconf 74' lang='lat' dir='ltr'>tnTEttttOGnssss‘r;</span> <span class='ocrx_word' id='word_1_465' title='bbox 646 4254 715 4305; x_wconf 76' lang='lat' dir='ltr'>ottae</span> <span class='ocrx_word' id='word_1_466' title='bbox 740 4243 835 4287; x_wconf 84' lang='lat' dir='ltr'>oratio</span> <span class='ocrx_word' id='word_1_467' title='bbox 856 4237 971 4288; x_wconf 81' lang='lat' dir='ltr'>vitietur</span> <span class='ocrx_word' id='word_1_468' title='bbox 991 4245 1057 4305; x_wconf 84' lang='lat' dir='ltr'>port</span> <span class='ocrx_word' id='word_1_469' title='bbox 1077 4245 1192 4288; x_wconf 87' lang='lat' dir='ltr'>mortem</span> <span class='ocrx_word' id='word_1_470' title='bbox 1212 4242 1271 4289; x_wconf 84' lang='lat' dir='ltr'>eius</span> <span class='ocrx_word' id='word_1_471' title='bbox 1298 4243 1425 4291; x_wconf 84' lang='lat' dir='ltr'>inventa.</span> <span class='ocrx_word' id='word_1_472' title='bbox 1462 4228 1533 4286; x_wconf 78' lang='lat' dir='ltr'>Adeo</span> <span class='ocrx_word' id='word_1_473' title='bbox 1549 4229 1599 4312; x_wconf 33' lang='lat'>‘¹²⁰¹</span> 
     </span>
     <span class='ocr_line' id='line_1_45' title="bbox 248 4294 1600 4386; baseline -0.007 -17"><span class='ocrx_word' id='word_1_474' title='bbox 248 4317 252 4321; x_wconf 87' lang='grc'><strong><em>’</em></strong></span> <span class='ocrx_word' id='word_1_475' title='bbox 298 4319 348 4368; x_wconf 89' lang='lat' dir='ltr'>isti</span> <span class='ocrx_word' id='word_1_476' title='bbox 360 4313 550 4378; x_wconf 71' lang='lat' dir='ltr'>scholiastae,</span> <span class='ocrx_word' id='word_1_477' title='bbox 563 4312 671 4365; x_wconf 82' lang='lat' dir='ltr'>homini</span> <span class='ocrx_word' id='word_1_478' title='bbox 685 4313 801 4363; x_wconf 88' lang='lat' dir='ltr'>minime</span> <span class='ocrx_word' id='word_1_479' title='bbox 815 4308 901 4379; x_wconf 80' lang='lat' dir='ltr'>vafro,</span> <span class='ocrx_word' id='word_1_480' title='bbox 917 4304 1099 4383; x_wconf 77' lang='lat' dir='ltr'>improbabile</span> <span class='ocrx_word' id='word_1_481' title='bbox 1114 4311 1256 4366; x_wconf 85' lang='lat' dir='ltr'>videbatur</span> <span class='ocrx_word' id='word_1_482' title='bbox 1270 4330 1285 4365; x_wconf 89' lang='lat' dir='ltr'>a</span> <span class='ocrx_word' id='word_1_483' title='bbox 1299 4314 1434 4368; x_wconf 86' lang='lat' dir='ltr'>Cicerone</span> <span class='ocrx_word' id='word_1_484' title='bbox 1447 4310 1505 4380; x_wconf 86' lang='lat' dir='ltr'>ipso</span> <span class='ocrx_word' id='word_1_485' title='bbox 1518 4294 1600 4386; x_wconf 70' lang='lat' dir='ltr'>td¹f⁸¹¹³</span> 
     </span>
     <span class='ocr_line' id='line_1_46' title="bbox 300 4376 1625 4459; baseline -0.017 -17"><span class='ocrx_word' id='word_1_486' title='bbox 300 4406 359 4442; x_wconf 84' lang='lat' dir='ltr'>este</span> <span class='ocrx_word' id='word_1_487' title='bbox 373 4404 450 4454; x_wconf 86' lang='lat' dir='ltr'>eam,</span> <span class='ocrx_word' id='word_1_488' title='bbox 468 4404 538 4459; x_wconf 86' lang='lat' dir='ltr'>qnae</span> <span class='ocrx_word' id='word_1_489' title='bbox 552 4391 707 4440; x_wconf 87' lang='lat' dir='ltr'>etiamtunc</span> <span class='ocrx_word' id='word_1_490' title='bbox 720 4383 875 4452; x_wconf 84' lang='lat' dir='ltr'>ferebatur,</span> <span class='ocrx_word' id='word_1_491' title='bbox 897 4391 1054 4441; x_wconf 83' lang='lat' dir='ltr'>orstinnem</span> <span class='ocrx_word' id='word_1_492' title='bbox 1068 4386 1101 4440; x_wconf 84' lang='lat' dir='ltr'>st</span> <span class='ocrx_word' id='word_1_493' title='bbox 1113 4387 1197 4441; x_wconf 83' lang='lat' dir='ltr'>EUM</span> <span class='ocrx_word' id='word_1_494' title='bbox 1211 4403 1285 4453; x_wconf 69' lang='lat' dir='ltr'>cet,</span> <span class='ocrx_word' id='word_1_495' title='bbox 1309 4404 1339 4443; x_wconf 84' lang='lat' dir='ltr'>nt</span> <span class='ocrx_word' id='word_1_496' title='bbox 1353 4386 1387 4440; x_wconf 86' lang='lat' dir='ltr'>ad</span> <span class='ocrx_word' id='word_1_497' title='bbox 1400 4401 1454 4441; x_wconf 85' lang='lat' dir='ltr'>tarn</span> <span class='ocrx_word' id='word_1_498' title='bbox 1468 4376 1599 4456; x_wconf 71' lang='lat' dir='ltr'>precariam</span> <span class='ocrx_word' id='word_1_499' title='bbox 1624 4382 1625 4405; x_wconf 65' lang='lat' dir='ltr'>t</span> 
     </span>
     <span class='ocr_line' id='line_1_47' title="bbox 299 4452 1625 4536; baseline -0.023 -18"><span class='ocrx_word' id='word_1_500' title='bbox 299 4463 459 4536; x_wconf 73' lang='lat' dir='ltr'>contegeret</span> <span class='ocrx_word' id='word_1_501' title='bbox 479 4466 655 4535; x_wconf 87' lang='lat' dir='ltr'>opinionem,</span> <span class='ocrx_word' id='word_1_502' title='bbox 680 4459 795 4514; x_wconf 86' lang='lat' dir='ltr'>esndem</span> <span class='ocrx_word' id='word_1_503' title='bbox 815 4478 878 4533; x_wconf 87' lang='lat' dir='ltr'>post</span> <span class='ocrx_word' id='word_1_504' title='bbox 898 4477 1017 4515; x_wconf 88' lang='lat' dir='ltr'>mortem</span> <span class='ocrx_word' id='word_1_505' title='bbox 1038 4460 1147 4515; x_wconf 85' lang='lat' dir='ltr'>demum</span> <span class='ocrx_word' id='word_1_506' title='bbox 1168 4467 1228 4516; x_wconf 89' lang='lat' dir='ltr'>elus</span> <span class='ocrx_word' id='word_1_507' title='bbox 1247 4481 1306 4517; x_wconf 82' lang='lat' dir='ltr'>este</span> <span class='ocrx_word' id='word_1_508' title='bbox 1326 4469 1474 4517; x_wconf 82' lang='lat' dir='ltr'>inventam.</span> <span class='ocrx_word' id='word_1_509' title='bbox 1510 4452 1600 4505; x_wconf 81' lang='lat' dir='ltr'>Praete·</span> <span class='ocrx_word' id='word_1_510' title='bbox 1624 4520 1625 4533; x_wconf 12' lang='grc' dir='ltr'>ἵ</span> 
     </span>
     <span class='ocr_line' id='line_1_48' title="bbox 299 4524 1598 4610; baseline -0.006 -16"><span class='ocrx_word' id='word_1_511' title='bbox 299 4555 345 4594; x_wconf 86' lang='lat' dir='ltr'>res</span> <span class='ocrx_word' id='word_1_512' title='bbox 372 4544 403 4592; x_wconf 85' lang='lat' dir='ltr'>in</span> <span class='ocrx_word' id='word_1_513' title='bbox 428 4553 486 4591; x_wconf 87' lang='lat' dir='ltr'>tots</span> <span class='ocrx_word' id='word_1_514' title='bbox 508 4539 560 4592; x_wconf 87' lang='lat' dir='ltr'>bsc</span> <span class='ocrx_word' id='word_1_515' title='bbox 582 4535 679 4610; x_wconf 73' lang='lat' dir='ltr'>repicit</span> <span class='ocrx_word' id='word_1_516' title='bbox 701 4551 841 4607; x_wconf 84' lang='lat' dir='ltr'>nunqnam</span> <span class='ocrx_word' id='word_1_517' title='bbox 865 4534 1051 4591; x_wconf 85' lang='lat' dir='ltr'>obliviscenda</span> <span class='ocrx_word' id='word_1_518' title='bbox 1076 4537 1156 4590; x_wconf 85' lang='lat' dir='ltr'>verba</span> <span class='ocrx_word' id='word_1_519' title='bbox 1176 4552 1241 4592; x_wconf 84' lang='lat' dir='ltr'>sont</span> <span class='ocrx_word' id='word_1_520' title='bbox 1260 4543 1369 4592; x_wconf 78' lang='lat' dir='ltr'>Asconii</span> <span class='ocrx_word' id='word_1_521' title='bbox 1389 4544 1418 4591; x_wconf 86' lang='lat' dir='ltr'>in</span> <span class='ocrx_word' id='word_1_522' title='bbox 1437 4533 1486 4587; x_wconf 87' lang='lat' dir='ltr'>Or.</span> <span class='ocrx_word' id='word_1_523' title='bbox 1503 4529 1530 4578; x_wconf 72' lang='lat' dir='ltr'>in</span> <span class='ocrx_word' id='word_1_524' title='bbox 1549 4524 1598 4604; x_wconf 61' lang='grc' dir='ltr'>ΙΨ</span> 
     </span>
     <span class='ocr_line' id='line_1_49' title="bbox 300 4599 1599 4686; baseline -0.006 -19"><span class='ocrx_word' id='word_1_525' title='bbox 300 4611 382 4670; x_wconf 84' lang='lat' dir='ltr'>canti.</span> <span class='ocrx_word' id='word_1_526' title='bbox 415 4628 475 4686; x_wconf 73' lang='lat' dir='ltr'>pag.</span> <span class='ocrx_word' id='word_1_527' title='bbox 501 4617 548 4673; x_wconf 83' lang='grc'><strong>95.</strong></span> <span class='ocrx_word' id='word_1_528' title='bbox 575 4614 627 4669; x_wconf 83' lang='lat' dir='ltr'>Ed.</span> <span class='ocrx_word' id='word_1_529' title='bbox 651 4614 740 4667; x_wconf 70' lang='lat' dir='ltr'>Bait:</span> <span class='ocrx_word' id='word_1_530' title='bbox 787 4612 860 4663; x_wconf 84' lang='lat' dir='ltr'>Huic</span> <span class='ocrx_word' id='word_1_531' title='bbox 887 4604 1014 4665; x_wconf 78' lang='lat' dir='ltr'>o&#39;ratt&#39;oni</span> <span class='ocrx_word' id='word_1_532' title='bbox 1039 4612 1182 4665; x_wconf 81' lang='lat' dir='ltr'>Ciceronis</span> <span class='ocrx_word' id='word_1_533' title='bbox 1212 4621 1241 4664; x_wconf 90' lang='lat' dir='ltr'>et</span> <span class='ocrx_word' id='word_1_534' title='bbox 1270 4614 1451 4667; x_wconf 77' lang='lat' dir='ltr'>Catilina-et</span> <span class='ocrx_word' id='word_1_535' title='bbox 1477 4599 1599 4656; x_wconf 59' lang='lat' dir='ltr'>Antonii</span> 
     </span>
     <span class='ocr_line' id='line_1_50' title="bbox 297 4663 1597 4780; baseline -0.011 -37"><span class='ocrx_word' id='word_1_536' title='bbox 297 4689 494 4743; x_wconf 78' lang='lat' dir='ltr'>contumeliose</span> <span class='ocrx_word' id='word_1_537' title='bbox 513 4689 730 4761; x_wconf 78' lang='lat' dir='ltr'>responderunt,</span> <span class='ocrx_word' id='word_1_538' title='bbox 750 4685 824 4758; x_wconf 78' lang='lat' dir='ltr'>quod</span> <span class='ocrx_word' id='word_1_539' title='bbox 839 4687 929 4741; x_wconf 87' lang='lat' dir='ltr'>solum</span> <span class='ocrx_word' id='word_1_540' title='bbox 944 4695 1095 4759; x_wconf 82' lang='lat' dir='ltr'>poterant,</span> <span class='ocrx_word' id='word_1_541' title='bbox 1114 4694 1220 4741; x_wconf 82' lang='lat' dir='ltr'>invecti</span> <span class='ocrx_word' id='word_1_542' title='bbox 1239 4694 1269 4744; x_wconf 83' lang='lat' dir='ltr'>in</span> <span class='ocrx_word' id='word_1_543' title='bbox 1288 4694 1443 4741; x_wconf 67' lang='lat' dir='ltr'>novitatem</span> <span class='ocrx_word' id='word_1_544' title='bbox 1461 4682 1523 4732; x_wconf 72' lang='lat' dir='ltr'>eins.</span> <span class='ocrx_word' id='word_1_545' title='bbox 1554 4663 1597 4780; x_wconf 48' lang='lat' dir='ltr'>F‘E,</span> 
     </span>
     <span class='ocr_line' id='line_1_51' title="bbox 298 4739 1625 4836; baseline -0.008 -18"><span class='ocrx_word' id='word_1_546' title='bbox 298 4772 401 4818; x_wconf 87' lang='lat' dir='ltr'>rnntur</span> <span class='ocrx_word' id='word_1_547' title='bbox 426 4754 530 4836; x_wconf 73' lang='lat' dir='ltr'>qunque</span> <span class='ocrx_word' id='word_1_548' title='bbox 555 4770 700 4818; x_wconf 81' lang='lat' dir='ltr'>crationes</span> <span class='ocrx_word' id='word_1_549' title='bbox 724 4768 834 4817; x_wconf 86' lang='lat' dir='ltr'>nomine</span> <span class='ocrx_word' id='word_1_550' title='bbox 856 4762 969 4815; x_wconf 81' lang='lat' dir='ltr'>illorum</span> <span class='ocrx_word' id='word_1_551' title='bbox 995 4763 1105 4831; x_wconf 79' lang='lat' dir='ltr'>editae,</span> <span class='ocrx_word' id='word_1_552' title='bbox 1134 4780 1190 4817; x_wconf 85' lang='lat' dir='ltr'>nnn</span> <span class='ocrx_word' id='word_1_553' title='bbox 1211 4763 1247 4815; x_wconf 86' lang='lat' dir='ltr'>ab</span> <span class='ocrx_word' id='word_1_554' title='bbox 1264 4769 1333 4832; x_wconf 79' lang='lat' dir='ltr'>ipsis</span> <span class='ocrx_word' id='word_1_555' title='bbox 1350 4767 1487 4833; x_wconf 83' lang='lat' dir='ltr'>scriptae,</span> <span class='ocrx_word' id='word_1_556' title='bbox 1512 4739 1557 4798; x_wconf 60' lang='grc' dir='ltr'><em>Μ</em></span> <span class='ocrx_word' id='word_1_557' title='bbox 1570 4752 1596 4824; x_wconf 66' lang='lat'>⁰„</span> <span class='ocrx_word' id='word_1_558' title='bbox 1624 4816 1625 4821; x_wconf 9' lang='grc' dir='ltr'>η</span> 
     </span>
     <span class='ocr_line' id='line_1_52' title="bbox 297 4809 1596 4910; baseline -0.012 -18"><span class='ocrx_word' id='word_1_559' title='bbox 297 4841 440 4895; x_wconf 82' lang='lat' dir='ltr'>Ciceronis</span> <span class='ocrx_word' id='word_1_560' title='bbox 458 4839 706 4904; x_wconf 79' lang='lat' dir='ltr'>obtrectatoribus,</span> <span class='ocrx_word' id='word_1_561' title='bbox 729 4855 799 4908; x_wconf 75' lang='lat' dir='ltr'>picas</span> <span class='ocrx_word' id='word_1_562' title='bbox 816 4843 909 4889; x_wconf 88' lang='lat' dir='ltr'>nescio</span> <span class='ocrx_word' id='word_1_563' title='bbox 927 4856 966 4890; x_wconf 86' lang='lat' dir='ltr'>an</span> <span class='ocrx_word' id='word_1_564' title='bbox 984 4844 1077 4890; x_wconf 78' lang='lat' dir='ltr'>satius</span> <span class='ocrx_word' id='word_1_565' title='bbox 1093 4844 1134 4890; x_wconf 87' lang='lat' dir='ltr'>sit</span> <span class='ocrx_word' id='word_1_566' title='bbox 1152 4845 1297 4910; x_wconf 73' lang='lat' dir='ltr'>ignorare.</span> <span class='ocrx_word' id='word_1_567' title='bbox 1334 4841 1358 4896; x_wconf 84' lang='grc' dir='ltr'><strong>Ε</strong></span> <span class='ocrx_word' id='word_1_568' title='bbox 1378 4831 1511 4894; x_wconf 80' lang='lat' dir='ltr'>contraria</span> <span class='ocrx_word' id='word_1_569' title='bbox 1527 4809 1596 4873; x_wconf 67' lang='lat' dir='ltr'>‘fellu</span> 
     </span>
    </p>
   </div>
   <div class='ocr_carea' id='block_1_5' title="bbox 214 4913 1208 4990">
    <p class='ocr_par' dir='ltr' id='par_1_6' title="bbox 214 4913 1208 4990">
     <span class='ocr_line' id='line_1_53' title="bbox 214 4913 1208 4990; baseline -0.001 -19"><span class='ocrx_word' id='word_1_570' title='bbox 214 4970 221 4977; x_wconf 84' lang='grc'><strong><em>,</em></strong></span> <span class='ocrx_word' id='word_1_571' title='bbox 295 4917 498 4971; x_wconf 82' lang='lat' dir='ltr'>admiratorem</span> <span class='ocrx_word' id='word_1_572' title='bbox 517 4915 613 4970; x_wconf 85' lang='lat' dir='ltr'>schola</span> <span class='ocrx_word' id='word_1_573' title='bbox 631 4913 773 4990; x_wconf 79' lang='lat' dir='ltr'>proiectae</span> <span class='ocrx_word' id='word_1_574' title='bbox 791 4928 856 4969; x_wconf 85' lang='lat' dir='ltr'>sunt</span> <span class='ocrx_word' id='word_1_575' title='bbox 873 4918 1014 4970; x_wconf 86' lang='lat' dir='ltr'>orationes</span> <span class='ocrx_word' id='word_1_576' title='bbox 1033 4913 1208 4970; x_wconf 83' lang='lat' dir='ltr'>subditictte.</span> 
     </span>
    </p>
   </div>
   <div class='ocr_carea' id='block_1_6' title="bbox 0 0 1666 5578">
    <p class='ocr_par' dir='ltr' id='par_1_7' title="bbox 0 0 1666 5578">
     <span class='ocr_line' id='line_1_54' title="bbox 0 0 1666 5578; baseline 0 3"><span class='ocrx_word' id='word_1_577' title='bbox 0 0 1666 5578; x_wconf 95' lang='lat' dir='ltr'> </span> 
     </span>
    </p>
   </div>
  </div>
 </body>
</html>
