3322 5578
523 398 777 467 HISTORIA.
1284 402 1326 468 51

53 562 101 628 up.
117 543 163 618 8.,
189 558 251 625 pro
272 541 358 607 Sulla
381 560 452 623 cap.
473 538 526 605 30.
550 552 583 605 et
604 540 697 624 epist.
721 542 753 604 l.
776 541 833 605 lib.
855 534 939 607 XV.
960 544 1000 604 ad
1021 541 1136 609 Famil.
1180 543 1247 606 Sub
1267 560 1329 607 ro·

55 652 296 722 suspergressus
310 636 344 699 in
359 634 546 700 concionem
561 633 678 701 Cicero
695 637 831 719 populo,
854 635 912 722 quui
928 636 1080 723 frequens
1095 640 1215 714 aderet,
1239 637 1331 722 quid·

49 731 141 817 pidia
160 741 264 797 senatu
287 742 390 794 actum
414 740 501 807 erat,
532 728 681 812 exposuit
704 750 740 791 ea
762 729 927 805 oratione,
963 750 1045 813 quae
1066 730 1158 795 tertia
1180 731 1212 794 in
1237 729 1327 795 cart-

46 827 112 889 liuan
129 837 225 889 exstat
245 836 277 889 et
299 846 382 890 nona
404 822 581 889 consularis
603 836 806 899 numeratum
836 824 931 907 epist.
957 828 1008 888 17.
1039 825 1096 889 lib.
1119 825 1166 892 11.
1195 827 1234 889 ad
1255 827 1327 890 Att.

46 919 209 984 lleoneione
230 917 368 995 Cicero,
395 931 431 983 ut
452 919 644 983 Plutarchus
667 938 739 1002 cap.
764 920 817 983 19.
839 917 966 995 scribit,
988 918 1021 982 in
1043 919 1170 982 domum
1193 919 1328 983 ricinia

45 1014 134 1096 populo
153 1016 300 1078 deductus
322 1013 404 1087 fuit3
427 1033 468 1076 eo
491 1014 579 1097 quod
600 1011 686 1075 dorni
709 1012 776 1077 eius
799 1014 830 1076 in
854 1026 969 1096 operto
993 1034 1083 1076 saera
1106 1015 1216 1077 Bonae
1238 1013 1328 1079 Deae

45 1105 233 1169 rnnlieribus
262 1118 295 1168 et
322 1105 509 1170 Vestalibus
537 1104 663 1171 fierent.
718 1107 769 1173 lbi
800 1118 866 1170 turm
895 1119 1026 1190 peraeto
1050 1107 1227 1183 sacrificio,
1257 1126 1328 1170 cum

11 1188 13 1271 ἱ
44 1199 102 1282 ipsis
120 1199 148 1262 ia
169 1220 223 1263 ara
252 1199 312 1263 iam
341 1200 515 1264 exstinctus
543 1210 727 1282 putaretur,
763 1221 878 1287 uragua
906 1200 1030 1264 flamma
1062 1222 1080 1264 e
1110 1199 1268 1264 cineribus
1296 1200 1328 1263 in

44 1294 111 1355 dtr!
138 1294 255 1358 urblrta
287 1294 360 1358 luit.
405 1295 480 1375 Quo
512 1305 640 1358 ostento
673 1293 804 1358 aliarum
837 1306 956 1358 mentes
987 1295 1152 1377 perculsae
1180 1294 1327 1359 luerunt-a

44 1387 157 1449 Vestales
184 1382 385 1464 Terentiam,
415 1386 583 1452 Ciceronis
604 1389 794 1474 coniugem,
825 1387 971 1451 maritum
994 1388 1081 1453 adire
1106 1400 1200 1473 atque
1223 1387 1330 1451 dicere

44 1479 181 1559 iusserunt,
205 1500 288 1566 quae
310 1484 349 1545 de
367 1483 491 1565 patriae
516 1483 617 1546 salute
644 1504 739 1568 agere
766 1481 969 1560 instituisset,
994 1504 1030 1545 ea
1052 1481 1189 1567 exsequi
1208 1502 1252 1545 ne
1271 1485 1330 1545 du.

47 1574 304 1657 stamesiensi
338 1576 432 1641 huius
465 1577 582 1642 mentio
620 1588 669 1640 est
699 1577 729 1640 in
769 1577 883 1641 Dionis
917 1596 1048 1661 quoque
1076 1575 1211 1641 historia
1243 1577 1328 1639 libro

50 1667 191 1733 mvn.
218 1690 292 1753 cap.
321 1672 375 1735 31.
419 1673 561 1735 Postero
590 1670 656 1746 die,
689 1670 790 1751 pridie
820 1672 933 1734 Nonas
956 1670 1147 1746 Decembr.,
1174 1670 1329 1734 indicibus

49 1762 145 1840 paenis
167 1764 340 1828 constituta
366 1765 514 1839 suerunt;
538 1776 572 1828 nt
598 1764 717 1829 Cicero
743 1764 773 1826 in
798 1761 928 1828 Catilin.
955 1762 1021 1851 IV.
1048 1784 1119 1847 cap.
1144 1764 1175 1828 3.
1199 1762 1329 1829 indicat.

48 1854 117 1919 tuis
134 1857 305 1923 Deccmbr.
328 1881 398 1923 cum
415 1859 535 1924 Cicero
559 1860 672 1924 consul
690 1858 880 1944 intelligeret
898 1869 1029 1940 paratos
1054 1879 1141 1934 esse,
1166 1860 1220 1945 qni
1244 1861 1333 1922 Len-

45 1949 111 2011 trlrn
129 1963 156 2014 et
176 1950 357 2035 Cethegum
381 1955 559 2035 eriperent,
587 1950 750 2035 dispositis
770 1952 937 2034 praesidiis
960 1963 993 2017 et
1014 1964 1126 2016 senatu
1148 1965 1329 2018 convocato

45 2043 147 2119 rettulit,
168 2042 244 2128 quid
266 2049 307 2108 de
330 2045 366 2109 iis
387 2046 458 2140 lieri
480 2047 642 2129 placeret,
668 2044 770 2130 quiin
796 2047 971 2112 custodiam
990 2047 1095 2115 traditi
1115 2059 1214 2113 erant.
1257 2049 1331 2112 Pri·

44 2154 90 2197 nus
104 2136 143 2200 D.
161 2138 271 2202 lunius
294 2139 437 2214 Silanus,
463 2140 536 2222 qnia
558 2142 669 2204 consul
699 2139 882 2223 designatus
904 2152 992 2216 erat,
1025 2142 1209 2205 sententiam
1231 2161 1331 2226 roga·

42 2238 76 2289 tus
93 2240 253 2295 extremum
283 2233 476 2315 supplicium
504 2232 537 2295 in
567 2255 624 2299 eos
653 2234 807 2298 decrevit.
862 2233 904 2298 Ei
934 2235 1051 2297 assensi
1080 2246 1153 2298 sitiit
1182 2237 1331 2318 deinceps

42 2322 118 2399 sulti,
145 2328 315 2390 donec-ad
345 2328 399 2392 Ti.
420 2330 582 2392 Neronem
612 2331 785 2391 sententiae
807 2325 905 2390 dictio
927 2328 1085 2409 pervenit.
1138 2329 1235 2391 Hunc
1257 2348 1330 2390 cen·

43 2414 295 2502 tdsoeAppianus
317 2422 358 2484 B.
384 2418 425 2487 C.
448 2423 497 2486 ll.
519 2421 626 2497 hait,
661 2433 693 2482 ut
723 2421 945 2503 comprehensi
967 2422 998 2484 in
1023 2422 1154 2485 vinculis
1177 2423 1334 2485 haberen-

43 2520 90 2583 tur,
112 2516 207 2594 quoad
237 2514 378 2580 Catilina
406 2517 493 2581 bello
517 2506 711 2600 profligatus
739 2527 837 2579 esset.
888 2513 1010 2578 Caesar
1036 2515 1165 2593 deinde,
1198 2529 1332 2599 praetor

44 2603 204 2688 himerus,
238 2610 365 2672 censuit
393 2632 450 2675 eos
477 2610 643 2693 publicatis
671 2605 765 2672 bhnis
794 2610 824 2672 in
851 2609 982 2673 vincolIs
1003 2630 1062 2691 per
1085 2609 1252 2693 municipia
1274 2611 1332 2672 has

45 2696 142 2763 hundos.
190 2702 280 2767 Huic
302 2705 493 2780 sententiae,
526 2704 569 2767 ait
593 2705 786 2769 Plutarchus
815 2723 888 2787 cap.
913 2705 988 2779 21„
1019 2718 1090 2767 cum
1112 2716 1145 2766 et
1166 2702 1334 2789 aequitatis

43 2789 108 2869 alm
125 2799 212 2859 stab
240 2798 372 2862 homine
399 2798 660 2883 eloquentissimo
689 2798 771 2861 dicta
801 2809 904 2871 esset,
940 2796 1092 2862 momenti
1119 2796 1238 2863 Cicero
1266 2814 1331 2861 non

43 2889 275 2965 mnaddid113
299 2894 440 2955 surrexit
461 2892 542 2956 euim
565 2906 659 2976 atque
681 2891 712 2955 in
736 2905 900 2976 utramque
923 2894 1044 2976 purtem
1067 2890 1234 2966 disseruit,
1258 2912 1333 2974 par·

42 2976 164 3045 inillam
185 2985 305 3062 Silani,
338 2986 455 3070 partim
482 2990 564 3051 hanc
586 2985 735 3050 Caesaris
764 2984 947 3049 seutentiam
971 2984 1157 3050 defendens.
1205 2984 1332 3065 Quibus

42 3073 118 3136 vehis
140 3098 290 3143 summam
318 3093 449 3163 quartae
472 3079 628 3145 orationis
654 3078 686 3142 in
716 3076 884 3143 Catilinam
915 3080 1174 3164 comprehendit;
1206 3079 1239 3142 in
1268 3096 1331 3164 qiua

43 3160 130 3232 Clamo
148 3174 185 3235 de
205 3175 333 3236 duabus
355 3176 517 3239 sententiis
540 3175 709 3239 contrariis
737 3173 782 3236 ita
806 3175 962 3255 disputat,
999 3186 1119 3238 utnon
1142 3175 1278 3238 obscure
1299 3172 1333 3236 in

42 3261 199 3328 ttttrioresn
225 3265 498 3333 Silaniinclinet.
551 3273 661 3355 Atque
691 3270 769 3331 haec
796 3278 845 3332 est
866 3267 985 3330 decima
1009 3268 1114 3331 oratio
1136 3266 1332 3343 consularis,

43 3357 286 3436 emissenam
311 3365 413 3427 Nonis
435 3366 608 3441 Decenrbr.
631 3364 769 3428 habitam
793 3362 890 3425 luisse
917 3360 987 3443 ipse
1013 3360 1107 3443 epist.
1132 3364 1163 3427 1.
1183 3362 1259 3425 libr.
1282 3360 1332 3425 ΙΙ.

43 3446 151 3517 Mlt-
176 3456 308 3533 scribit,
341 3468 378 3520 ut
402 3460 478 3522 satis
507 3460 615 3522 mirari
638 3480 790 3543 nequeam
820 3455 953 3520 Silvium
984 3467 1016 3518 et
1044 3453 1219 3519 Curionem
1248 3454 1334 3517 affir-

43 3544 199 3613 *itm
221 3550 402 3615 orationem
426 3554 511 3616 v11.
532 3552 611 3616 Idus
634 3552 747 3616 dictam
769 3551 880 3619 ruisse.
932 3548 1065 3615 Caesari
1092 3548 1242 3632 deinceps
1264 3571 1335 3613 om·

43 3650 228 3709 *meos
251 3666 323 3709 esse
353 3668 454 3732 usque
477 3650 515 3709 ad
538 3645 696 3711 Catonem
726 3645 895 3728 Appianus
924 3654 955 3706 et
976 3642 1043 3707 Dio
1072 3645 1212 3709 tradunt.
1255 3643 1336 3707 Plu-
1383 3710 1386 3719 ¹

45 3726 144 3801 Q
163 3736 211 3801 ait
237 3738 285 3821 Q.
316 3741 478 3804 Lutatium
509 3740 658 3805 Catulum
685 3738 820 3821 primum
849 3736 962 3802 contra
990 3735 1121 3801 dixisse.
1173 3737 1252 3801 Inde
1279 3737 1334 3800 Μ.

44 3816 269 3909 Μῦιὶο,
293 3834 439 3898 tribunus
461 3834 508 3917 pl.
526 3833 726 3919 designatus,
750 3833 919 3896 etiamtunc
940 3833 1107 3894 admodum
1134 3830 1331 3905 adolescens,

44 3924 119 4013 Μ
137 3922 218 3988 inter
247 3927 378 3992 ultimos
406 3940 542 4012 rogatus
570 3928 774 4001 seutentiam,
809 3935 895 3988 tanta
923 3925 956 3987 vi
982 3924 1077 3989 animi
1097 3937 1195 4010 atque
1216 3922 1337 4008 ingenii

44 4010 154 4079 *aa
173 4029 220 4085 est
241 4019 276 4082 in
297 4020 573 4097 coniurationem,
603 4033 639 4084 ut
667 4024 783 4085 ardore
806 4016 872 4083 oris
895 4017 1073 4082 orationem
1096 4018 1234 4083 omnium
1256 4015 1336 4078 leni·

44 4106 322 4191 *mnam
345 4114 499 4177 societate
526 4112 651 4179 consilii
680 4125 856 4196 suspectam
886 4112 1017 4187 lecerit;
1048 4112 1095 4175 sic
1119 4106 1334 4192 impendentia

43 4192 175 4269 'iffi
199 4204 419 4292 incendiisque
448 4207 546 4273 Urbis
582 4220 614 4271 et
641 4207 888 4273 commutatione
917 4217 1018 4271 status
1036 4204 1163 4289 publici
1191 4200 1335 4285 pericula

45 4288 177 4391 sm,
208 4300 253 4365 ita
282 4302 422 4366 consulis
449 4301 598 4365 virtutem
633 4301 854 4383 amplificavit,
887 4312 922 4365 ut
950 4290 1118 4364 universus
1145 4304 1273 4359 senatus
1301 4294 1336 4357 in

46 4394 274 4461 munnam
288 4396 478 4465 transiret),
495 4396 585 4459 Haec
600 4394 744 4459 Velleius
765 4394 825 4458 lib.
842 4394 891 4458 ΙΙ.
907 4414 981 4476 cap.
997 4393 1051 4457 35.
1082 4392 1135 4455 Tu
1149 4391 1223 4473 lege
1238 4385 1334 4452 Cice·

11 4494 12 4503 ¹
108 4488 217 4597 m
240 4536 376 4589 momenti
396 4534 431 4589 sd
452 4549 542 4588 eoram
561 4533 633 4587 hane
658 4550 716 4585 rem
738 4529 943 4587 diiudicandum
965 4543 1045 4594 tunt,
1067 4541 1136 4599 quaa
1160 4524 1259 4579 Cicero
1276 4526 1337 4595 ipss

131 4602 305 4665 'albucum
327 4608 390 4663 Lib.
416 4614 461 4667 12.
480 4608 534 4678 Ep.
558 4613 612 4675 21,
639 4611 665 4664 1·
695 4613 738 4675 (t.
761 4626 789 4662 u.
812 4624 839 4661 e.
859 4608 943 4673 709.)
994 4602 1065 4671 Legi
1084 4599 1167 4651 Bruti
1188 4597 1336 4668 epistolam

52 4678 134 4753 Ψ
157 4678 210 4741 131
227 4688 339 4751 renrlsi,
368 4702 438 4737 sane
462 4702 519 4737 uon
538 4684 691 4756 prudenter
715 4687 882 4754 rescriptam
915 4678 955 4732 ad
981 4695 1030 4744 sa,
1062 4692 1131 4747 quoe
1158 4678 1337 4745 requiriri-ar.

49 4739 90 4796 ω
100 4752 152 4825 ’Μ
163 4754 283 4813 uther:
300 4762 467 4833 'quamquam
484 4758 556 4813 illud
572 4763 693 4829 turpiter
712 4762 841 4829 ignorat.
879 4755 1013 4808 Catonem
1029 4755 1152 4821 priorum
1166 4752 1336 4800 sententium

11 4834 13 4901 i
47 4826 110 4883 ''l''
129 4826 161 4883 ΙΙ
180 4834 427 4891 animadversione
452 4834 576 4896 dicim,-
606 4853 690 4907 pisane
713 4849 808 4886 omues
833 4837 899 4883 ants
925 4827 1061 4879 dixerant
1083 4832 1200 4897 praeter
1225 4822 1335 4876 Coera-

51 4906 104 4950 ’Ψ
125 4912 150 4957 ‘l
167 4926 226 4963 m
245 4912 334 4981 sputus
354 4909 490 4964 Caesaris
507 4918 567 4962 tam
583 4926 680 4964 seuera
689 4909 807 4981 suerit,
836 4908 883 4979 pus·
900 4910 959 4954 tum
973 4906 1120 4972 prastmto
1138 4899 1200 4951 loco
1218 4894 1335 4961 dixerit,

50 4976 200 5039 ‘Qu
221 4993 306 5056 putat
322 4986 444 5042 umores
454 4981 571 5061 fuisse,
592 4984 704 5053 caue,
725 4981 851 5052 Servilii,
873 4977 1066 5051 Mortuerum,
1092 4975 1240 5042 Curionis,
1258 4968 1337 5032 Tor-
