3322 5578
297 301 339 365 to
720 305 773 368 M.
797 307 961 370 TULLII
985 305 1239 375 CICERONIS

298 430 465 526 expulsum
491 442 590 513 fnisse
619 448 658 507 ad
681 446 852 509 Lentulum
884 446 977 528 epist.
1002 449 1035 512 9.
1065 446 1189 511 scribit.
1246 447 1327 514 Crun
1361 461 1466 515 autent
1494 452 1613 520 Clodius

213 531 214 534 ¹
298 537 383 603 saxis
404 551 435 602 et
453 538 581 623 ignibus
601 551 632 602 ct
650 539 738 602 ferro
757 540 934 604 vastitatem
950 542 1079 606 aedibus
1097 542 1265 607 Ciceronis
1285 544 1459 622 intulisset,
1484 549 1614 612 decrerit

298 643 424 695 senatus
446 655 521 709 eos,
546 633 601 714 qtti
622 633 656 695 id
673 634 839 708 fecissent,
863 636 935 720 lege
959 640 997 698 de
1020 635 1070 710 vi,
1095 659 1176 723 quae
1199 639 1298 701 estin
1321 661 1397 714 eos,
1422 640 1479 724 qtti
1499 643 1614 705 ttnirer-

249 736 254 745 '
295 750 363 790 sam
382 750 450 791 rem
476 728 634 810 publicam
661 741 918 812 oppugnassent,
944 731 1062 805 teneri3
1085 731 1116 795 in
1144 744 1226 799 orat.
1251 736 1290 797 de
1311 735 1443 817 barusp.
1465 737 1614 818 responsis

295 844 369 906 cap.
395 823 427 885 8.
473 824 563 902 Qttae
589 821 702 886 deinde
729 826 892 906 usquead
920 824 1022 887 VIII.
1047 826 1122 891 Kal.
1149 827 1321 891 Deccmbr.
1345 840 1414 890 acta
1440 841 1530 904 sunt,
1552 832 1612 894 vide

294 939 349 1000 cp.
370 917 401 979 3.
424 917 479 979 lib.
500 917 565 979 tv.
589 918 628 978 ad
649 918 721 979 Att.
766 918 832 981 IV.
851 918 926 980 ltus
946 919 1119 982 Decentbr.
1142 921 1218 985 novi
1242 922 1320 984 trib.
1340 923 1388 1003 pl.
1410 925 1613 1003 magistratum

294 1011 451 1087 inierunt,
476 1032 493 1073 e
513 1011 628 1095 quibus
646 1034 663 1074 a
683 1009 842 1076 Cicerone
864 1012 921 1074 lib.
934 1012 963 1074 l.
982 1033 1035 1093 ep.
1054 1014 1086 1075 1.
1103 1025 1134 1076 et
1150 1015 1182 1077 2.
1205 1017 1243 1078 ad
1262 1015 1367 1090 Fam,
1389 1015 1446 1079 lib.
1464 1018 1511 1081 ΙΙ.
1530 1039 1577 1100 ep.
1590 1020 1614 1082 l.

296 1108 336 1168 ad
355 1107 520 1181 Fratrem,
545 1117 576 1167 et
594 1105 701 1170 Dione
717 1106 776 1168 lib.
794 1105 965 1173 XXXIX.
978 1107 1018 1168 -hi
1038 1107 1256 1171 notninantur:
1281 1110 1322 1172 P.
1344 1109 1484 1173 Rutilius
1501 1112 1610 1191 Lttptu,

292 1199 339 1265 C.
364 1200 502 1263 Porcius
527 1198 630 1274 Cata,
655 1199 697 1265 C.
722 1198 906 1272 Cominius,
931 1200 973 1262 L.
994 1200 1154 1277 Racilius,
1181 1202 1244 1265 Cn.
1264 1202 1436 1280 Plancius,
1461 1206 1506 1268 A.
1529 1206 1615 1270 Plan·

296 1295 377 1369 tius,
402 1295 480 1357 Sex.
503 1293 664 1359 Antistius
683 1296 792 1357 Verus
819 1305 852 1369 et
874 1292 1022 1359 Cassius.'
1062 1293 1288 1385 Cum-tribuni
1313 1296 1533 1381 magistratum
1553 1299 1615 1363 inis·

298 1399 385 1464 sent,
409 1387 451 1453 C.
470 1386 554 1453 Cato
575 1388 777 1452 turbulentus
798 1389 985 1452 adolescens
995 1400 1036 1451 et
1058 1392 1163 1452 audam
1186 1411 1244 1452 nec
1264 1391 1439 1474 imparatus
1462 1395 1502 1455 ad
1522 1393 1614 1457 dicen-

176 1562 178 1567 *
298 1484 371 1545 dnm
394 1483 603 1546 concionibus
627 1483 760 1545 assiduis
783 1482 929 1545 iuvidiam
956 1494 989 1545 et
1013 1484 1199 1553 Ptolemaeo
1221 1484 1335 1559 simul,
1360 1485 1415 1570 qui
1439 1486 1500 1561 iam
1519 1487 1613 1569 prole·

302 1589 371 1639 ctus
402 1598 442 1639 ex
463 1576 553 1641 Urbe
579 1588 665 1653 erat,
695 1588 728 1640 et
751 1578 793 1641 P.
819 1578 960 1642 Lentulo
986 1576 1108 1642 consuli
1135 1579 1258 1660 paranti
1284 1578 1347 1642 iam
1374 1580 1437 1643 iter
1467 1581 1613 1646 catamare

300 1672 440 1733 secundo
467 1669 591 1753 quidem
618 1670 731 1751 popnli
755 1691 885 1734 rumore
915 1670 1035 1753 coepit.
1087 1671 1186 1751 Quod
1213 1694 1254 1737 ex
1279 1673 1337 1736 lib.
1358 1675 1479 1738 XXII.
1509 1675 1611 1739 Annal.

301 1762 498 1827 Fenestellae
516 1762 642 1827 Nonius
662 1764 839 1826 Marcellus
860 1762 962 1827 refert
984 1767 1031 1845 (p.
1051 1764 1126 1827 385.
1147 1766 1282 1846 Mero).
1326 1768 1365 1829 ln
1389 1765 1562 1851 qttindecim
1579 1767 1613 1829 le·

302 1855 403 1941 gatis,
433 1878 514 1941 qttos
538 1857 715 1937 Pompeius
743 1857 805 1920 sibi
831 1856 878 1919 rei
906 1857 1132 1921 lrnmentariae
1160 1880 1254 1923 causa
1282 1861 1467 1945 legaverat,
1501 1861 1557 1924 luit
1578 1860 1611 1938 Q.

305 1950 442 2016 Cicero:
475 1950 529 2034 qui
555 1973 626 2014 cum
650 1963 735 2014 esset
759 1950 793 2012 in
818 1950 977 2024 Sardinia,
1003 1952 1056 2014 M.
1075 1950 1193 2016 Cicero
1216 1954 1257 2015 ad
1282 1975 1352 2016 eum
1376 1953 1523 2036 scripsit,
1547 1974 1613 2037 qttae

303 2046 556 2117 extremohuius
569 2045 642 2108 anni
658 2066 763 2109 mense
778 2045 808 2111 iu
826 2057 938 2119 senatu
953 2056 1021 2108 aeta
1037 2045 1184 2123 luertmt,
1208 2048 1302 2129 epist.
1316 2048 1416 2113 l.-lib.
1428 2050 1475 2113 ll.
1489 2051 1526 2111 ad
1537 2049 1611 2111 Fiat.

457 2245 561 2308 Arane
582 2241 685 2307 Urbis
705 2244 914 2325 DCXCVII.
939 2241 1115 2307 Ciceronis
1136 2247 1197 2310 LI.
1221 2266 1310 2308 coss.
1320 2243 1483 2335 ficerunt

306 2388 383 2464 CN.
394 2380 678 2464 CORNELIUS
689 2384 1610 2577 LENTgplplIblllllfflgELLINUS,L.MARCIUS

389 2661 429 2724 ln
457 2658 597 2743 collegio
627 2667 811 2740 praetorum
834 2654 925 2718 httius
948 2655 1020 2719 anni
1042 2658 1172 2721 luerunt
1197 2656 1259 2722 Cn.
1283 2657 1464 2734 Domitius,
1498 2659 1539 2741 Q.
1559 2656 1611 2720 Aa·

304 2755 429 2821 charius
447 2763 478 2815 et
497 2751 539 2816 C.
558 2750 711 2815 Claudius
727 2752 889 2825 Pulcher3
914 2763 947 2813 ut
966 2773 1026 2832 pro
1046 2751 1150 2814 Sestio
1167 2774 1238 2833 cap.
1258 2752 1327 2827 53,
1346 2751 1403 2814 lib.
1420 2754 1471 2816 tt.
1487 2754 1524 2815 ad
1540 2750 1609 2849 Frat.

305 2850 383 2912 etia
402 2847 560 2912 Cicerone
576 2846 741 2909 Plutarchi
761 2845 982 2926 cognoscitur.
1019 2846 1070 2906 M.
1089 2845 1214 2907 Tullius
1237 2845 1327 2908 initio
1345 2846 1441 2910 hitins
1461 2844 1529 2909 anni
1543 2860 1610 2907 otntt

307 3032 486 3099 Ptolemaei
506 3030 593 3116 regis
611 3031 755 3092 reductio
772 3032 1010 3093 decerneretur.
1046 3030 1249 3114 Argtunento
1265 3042 1337 3095 sunt
1352 3033 1525 3114 epistolae,
1547 3043 1610 3110 qtttt

306 3132 371 3193 hoe
385 3139 529 3208 tempore
546 3127 584 3186 ad
600 3124 774 3187 Lentulum
791 3121 901 3184 missae
924 3123 981 3186 lib.
1000 3125 1028 3186 l.
1053 3126 1093 3185 ad
1109 3125 1201 3187 Fam.
1224 3134 1362 3187 exstant.
1407 3129 1491 3189 'l'um
1506 3137 1611 3207 quoque

308 3220 485 3287 orationem
508 3222 546 3282 de
569 3238 648 3301 rege
672 3217 874 3292 Ptolemaeo,
909 3218 995 3279 euius
1026 3222 1111 3299 apud
1133 3217 1282 3301 Aquilam
1314 3216 1610 3285 et‘Fortunatianun

307 3315 424 3378 attentio
445 3325 511 3389 est,
534 3313 682 3375 babuisse
705 3311 846 3384 videtur,
872 3332 942 3372 eum
964 3310 1051 3396 regis
1067 3311 1277 3373 Alexandrini
1300 3312 1529 3377 restitutionem
1544 3309 1611 3369 Len·

305 3412 374 3474 tulo
396 3430 452 3469 sua
475 3407 629 3470 sententia
652 3407 865 3469 decerneret.¹
908 3405 1006 3468 XIV.
1023 3404 1159 3467 Kalend.
1178 3405 1277 3466 Febr.
1302 3404 1421 3470 Cicero
1444 3401 1564 3486 scripsit
1582 3398 1610 3457 ad

206 3563 214 3575 ,
308 3505 351 3583 Q.
370 3503 517 3564 Fratrem
539 3500 704 3582 epistolam
720 3502 752 3562 2.
775 3499 831 3561 lib.
851 3497 916 3573 lI.,
950 3499 1003 3560 ubi
1026 3499 1070 3560 ait
1091 3496 1221 3560 comitia
1240 3498 1390 3575 aedilitia,
1416 3499 1527 3584 quibus
1548 3491 1611 3593 Clo·

306 3596 376 3659 dius
399 3595 588 3657 aedilitatem
611 3597 758 3676 petebat,
782 3591 882 3655 edicta
902 3614 970 3655 csse
990 3614 1018 3654 a.
1040 3594 1071 3652 d.
1092 3593 1158 3654 XI.
1175 3592 1251 3655 Kal.
1268 3594 1368 3657 Febr.
1401 3592 1532 3657 Clodius
1545 3585 1612 3648 aedt-

280 3692 348 3757 llis
375 3689 481 3752 sactus
508 3682 632 3752 Miloni
663 3690 742 3751 diem
779 3688 859 3750 dixit
893 3700 924 3749 et
952 3691 990 3748 de
1022 3687 1050 3750 ri
1081 3689 1303 3768 adpopulum
1334 3686 1533 3777 accusavit²;
1563 3695 1610 3760 1)ΐο

309 3784 415 3847 Sestio
442 3805 513 3863 cap.
532 3784 602 3857 dl„
625 3782 658 3845 in
679 3781 842 3845 Vatinium
867 3801 938 3866 cap.
964 3784 1016 3843 tt.
1044 3793 1076 3847 ct
1098 3780 1156 3843 lib.
1178 3781 1223 3843 tt.
1247 3784 1285 3842 ad
1305 3782 1397 3845 Frat.
1444 3782 1513 3864 Qua
1534 3777 1567 3835 dt
1584 3788 1610 3829 rt

305 3878 372 3942 Dio
394 3877 572 3950 XXXIX,
599 3877 651 3939 18.
682 3877 726 3939 ita
749 3876 879 3944 scribit:
910 3876 1049 3943 Cloeliae
1071 3876 1276 3959 simulatque
1297 3875 1510 3940 aedilitatem
1528 3867 1611 3966 Mat·

305 3972 426 4034 eellino
449 3983 484 4033 et
502 3968 661 4053 Paitippo
682 3992 770 4034 coss.
791 3974 889 4049 iniit,
913 3971 1042 4037 Miloni
1061 3967 1151 4032 diem
1173 3969 1283 4046 dixit,
1313 3970 1407 4054 quod
1427 3964 1611 4054 gladiatore·

306 4067 369 4128 bats
391 4087 464 4128 rem
484 4064 658 4146 publicam
679 4065 883 4130 obsedisset:
915 4088 1001 4152 qreae
1024 4064 1115 4128 enim
1136 4065 1208 4147 ipse
1229 4065 1449 4129 commiserat
1469 4068 1611 4146 quoram·

307 4183 371 4245 pue
399 4159 535 4222 nomine
563 4179 644 4220 retes
672 4171 766 4235 erat,
797 4181 839 4223 ea
867 4161 919 4224 illi
947 4158 1083 4223 crimini
1110 4157 1230 4230 dabat3
1257 4178 1326 4221 non
1351 4159 1444 4244 quod
1463 4152 1611 4252 monam

304 4254 570 4318 condemnatum
591 4251 637 4314 iri
658 4265 831 4334 speraret,
856 4255 915 4338 qui
933 4265 1102 4336 patronos
1124 4273 1284 4336 magnos,
1308 4253 1344 4315 in
1367 4252 1411 4317 iio
1434 4251 1612 4328 Pompetuttt

306 4361 339 4411 et
362 4348 577 4421 Ciceronem,
602 4346 762 4422 babebat,
785 4348 848 4410 secl
865 4359 903 4410 ut
920 4369 985 4429 per
1005 4349 1093 4409 hane
1114 4368 1256 4409 eausam
1278 4359 1312 4409 et
1333 4348 1502 4411 Milonem
1522 4346 1611 4427 Opim:

304 4452 428 4526 gnae-et
455 4453 487 4503 et
510 4452 681 4524 patronos
709 4442 784 4503 eins
810 4453 966 4505 vexaret.
1013 4430 1083 4504 IV.
1107 4442 1196 4504 Non.
1219 4441 1321 4504 Febr.
1350 4441 1436 4504 Milo
1463 4430 1562 4498 affuit:
1589 4437 1611 4521 tt

307 4535 480 4616 Pompeius
509 4537 682 4597 advocatus
705 4535 813 4597 aena:
846 4536 992 4617 prodicta
1016 4535 1083 4607 dies
1107 4546 1154 4597 est
1180 4536 1212 4597 ln
1237 4534 1340 4598 VIII.
1363 4533 1456 4597 Idus:
1493 4541 1555 4624 (1¹¹⁰,
1571 4513 1610 4618 {1¹⁸

309 4627 502 4708 Pompeius,
535 4646 603 4689 cum
628 4649 689 4709 pro
711 4627 838 4691 Milone
862 4618 945 4709 apud
963 4629 1118 4712 populum
1141 4629 1276 4704 diceret,
1307 4630 1446 4694 clamore
1468 4624 1610 4686 convicto·

321 4709 1610 4756 ..mm—wad*

347 4788 377 4855 1)
396 4780 465 4833 Vide
484 4798 559 4833 nunc
579 4783 745 4853 Fragmenta
764 4796 780 4832 a
801 4782 879 4835 Malo
900 4796 1018 4854 reperta.
1257 4804 1258 4807 ¹

348 4864 380 4926 2)
400 4854 458 4913 ctr.
479 4854 619 4910 Tnnttalll
638 4858 691 4931 Ep.
712 4856 747 4910 ad
766 4854 866 4911 Middl.
887 4876 914 4930 p.
932 4859 980 4916 951.
