3332 5588
241 363 305 431 sss
723 424 728 433 ,
762 359 806 439 r.
832 306 1074 429 nunnus

238 506 338 575 tuisse
359 500 553 579 Lsrnblnns,
583 522 656 573 oum
685 511 777 599 antes
801 500 984 588 legeretur,
1014 503 1146 566 insuevit
1157 506 1263 587 peter
1275 501 1412 586 opimius
1431 496 1494 563 nor
1513 518 1584 565 me.

239 604 411 669 Muretus:
441 596 572 683 Impuss
598 592 650 658 lu‘c
674 598 816 682 corrupit
835 593 955 677 lacuum
983 616 1074 684 quem
1102 592 1286 659 emendasse
1313 616 1349 659 ss
1374 598 1482 659 iactat.
1523 592 1581 658 Ita

241 717 316 759 usus
336 704 386 757 est
407 690 537 756 {ilicinis
557 685 649 756 serbo
669 710 779 754 suesco
801 686 880 755 libro
902 691 935 756 i.
965 689 1151 773 (Annalium
1171 688 1320 755 nimirum
1348 710 1421 773 cap.
1443 690 1516 767 52.)
1544 698 1582 750 ut

244 786 435 874 Tacfarinas
463 782 559 849 lectos
586 789 672 851 siros
696 793 733 848 et
751 784 928 849 llomarmm
956 789 990 851 in
1011 782 1138 851 modeim
1157 795 1299 849 muratos
1317 788 1465 848 amasset
1482 779 1580 844 disci·

234 882 332 971 plina
351 891 384 945 et
402 882 545 965 imperiis
563 890 738 961 suesceret:
763 891 798 941 et
818 876 993 943 Colrsmella
1019 874 1112 946 serbo
1134 882 1279 943 insuesco
1306 875 1416 945 libb.
1444 899 1519 962 cap.
1543 877 1579 940 4.

238 980 378 1040 maairue
399 983 504 1036 tamen
523 967 655 1037 babetra
672 968 822 1034 sabura
841 993 988 1055 marca,
1016 977 1050 1037 si
1073 971 1265 1037 mnurmdam
1293 992 1397 1062 aquae
1425 975 1576 1048 musaea,

238 1082 276 1136 ut
293 1092 333 1132 ea
347 1087 449 1155 pecus
469 1071 639 1129 insuescas.
681 1065 769 1130 lttuo
795 1063 912 1131 satirae
937 1067 1098 1154 sequentis
1122 1087 1229 1152 paene
1254 1071 1337 1132 arsit
1354 1087 1397 1130 m.
1419 1061 1452 1128 d.
1477 1075 1499 1129 t.
1521 1065 1581 1128 at-

92 1226 97 1235 .
237 1175 347 1232 monet
360 1159 537 1227 restituisse
552 1158 744 1224 Lambioum
765 1180 809 1225 ee·
822 1163 970 1247 ingenio:
992 1163 1080 1247 qood
1101 1182 1197 1242 saepe
1219 1160 1321 1227 eidem
1343 1158 1416 1237 alii,
1440 1158 1579 1223 maxime

236 1262 270 1325 in
293 1257 473 1334 Cicerone,
496 1254 698 1321 obiecerunt.
742 1251 782 1317 In
804 1254 1034 1336 commentario
1056 1258 1096 1320 ad
1115 1256 1245 1322 satiram
1262 1257 1296 1321 5.
1318 1254 1394 1320 libri
1407 1254 1442 1318 2.
1464 1274 1588 1336 repre-

237 1351 364 1428 hendit,
388 1352 478 1436 quod
497 1346 577 1413 illud
598 1345 690 1412 initio
706 1345 870 1422 Tiresiae,
891 1351 1105 1411 namuu‘onem
1125 1362 1237 1416 vocet.
1274 1350 1397 1416 Ibidem
1419 1350 1461 1412 ad
1482 1348 1583 1425 illud,

237 1446 382 1511 dictum
406 1446 540 1523 etenim,
573 1439 753 1507 Lambinus
784 1439 966 1525 protulerat
997 1443 1225 1509 nonnullorum
1257 1443 1525 1526 explicationem,
1559 1463 1583 1505 a

237 1541 355 1627 qrribus
378 1556 415 1603 ss
434 1535 560 1601 dixerat
580 1533 762 1601 dissentire.
805 1536 959 1600 Muretus
980 1557 1081 1603 venor
1108 1547 1145 1601 trs
1163 1547 1332 1626 numquam
1351 1558 1374 1600 a
1393 1557 1445 1600 me
1465 1533 1579 1598 admo-

239 1620 323 1697 nitus
344 1652 450 1713 esses,
474 1633 520 1693 ita
534 1624 739 1716 explicabas:
758 1631 805 1690 ita
817 1638 941 1711 auum,
963 1639 1092 1716 retego,
1112 1628 1452 1718 erponitetlioitlrins
1473 1625 1529 1693 lib.
1544 1630 1578 1693 5.

239 1725 280 1790 da
301 1721 453 1795 consolat.
491 1719 634 1804 Philas,
662 1741 752 1810 quem
774 1717 853 1789 vide.
889 1725 944 1789 Aa
965 1723 1095 1789 satiram
1113 1724 1146 1790 8.
1173 1724 1338 1790 stlocum
1364 1725 1453 1788 illum
1481 1743 1581 1808 super

237 1825 362 1906 ipsum,
385 1814 608 1882 animadvertit
622 1814 774 1880 Muretus
794 1834 893 1901 super
909 1829 1057 1906 sequente
1076 1815 1195 1899 moab,
1216 1840 1317 1905 supra
1335 1828 1484 1907 sequente
1503 1838 1581 1879 eors-

236 1923 389 1977 sonants:
410 1911 499 1996 quod
519 1914 624 1973 brnen
644 1918 835 1992 perpetuum
858 1930 923 1974 uon
945 1921 1007 1977 est.
1049 1914 1105 1978 Aa
1125 1911 1294 1996 epistolam
1315 1913 1449 1997 primam
1465 1910 1582 1976 Prima

236 2004 320 2081 dicte
340 2002 435 2085 milri,
465 2024 538 2068 eum
559 2000 737 2067 Lambinus
759 1999 956 2085 scripsissem
981 2004 1041 2071 Eu
1060 2004 1122 2074 troc
1141 2003 1211 2070 loco
1231 2017 1495 2094 argumentantur
1508 2028 1583 2161 gl.

236 2097 333 2180 dam,
361 2094 516 2185 epistolas
529 2106 695 2182 postremo
716 2091 785 2159 leco
805 2091 847 2158 ab
867 2095 1003 2163 Horatrb
1021 2120 1092 2163 esse
1111 2103 1250 2186 scriptas
1274 2112 1308 2164 et
1322 2110 1488 2187 postremo

238 2214 312 2256 esse
333 2188 506 2272 locarulas,·
533 2189 685 2255 Muretns
707 2187 890 2275 subiungit:
918 2190 1005 2280 quod
1021 2195 1161 2279 breptrrm
1181 2205 1250 2259 ests
1276 2212 1377 2283 neque
1395 2197 1477 2257 seiri
1494 2205 1587 2258 certo

235 2295 362 2373 potest,
387 2305 448 2375 quo
470 2281 581 2347 ordine
594 2286 750 2370 primata
767 2302 828 2349 sua
846 2289 1017 2372 scripserit,
1064 2285 1158 2351 Certe
1176 2285 1330 2377 quasdam
1349 2285 1432 2351 odas
1449 2292 1590 2374 scripsit

240 2383 306 2442 ram
333 2398 451 2459 senes,
480 2386 518 2441 ut
542 2375 685 2440 induant
709 2373 767 2439 illa
798 2373 901 2452 ,lenit
922 2376 1085 2446 albescens
1110 2384 1237 2445 anmsos
1262 2378 1398 2468 capillus
1425 2379 1529 2445 litium
1551 2392 1588 2445 et

236 2478 331 2536 rinae
357 2469 491 2557 capulos
511 2483 692 2559 protervas.
733 2467 813 2535 Nou
839 2490 902 2559 ego
927 2470 990 2538 lter
1003 2475 1134 2563 serrem
1151 2473 1276 2539 calidus
1295 2479 1420 2540 meeum
1443 2472 1582 2539 Consule

238 2558 390 2631 Planco''
421 2563 482 2629 ode
513 2568 566 2630 14.
599 2562 651 2630 lib.
680 2566 715 2631 3.
746 2571 780 2630 ei
804 2561 862 2627 itta
892 2567 1060 2652 '„Bracltia
1088 2578 1124 2635 ei
1147 2569 1263 2635 eulaeus
1291 2577 1463 2658 teretesque
1489 2591 1583 2632 suras

238 2660 367 2747 Integer
387 2656 503 2722 laudm
519 2656 609 2746 finge
627 2657 805 2747 suspicans}
834 2656 931 2726 Cuius
956 2673 1098 2728 oetaeum
1124 2660 1401 2749 trepidaturum
1424 2659 1582 2727 Clandate

239 2749 399 2816 luanum''
419 2750 480 2816 ode
503 2754 535 2819 4.
560 2749 613 2817 lib.
635 2754 669 2818 2.
692 2766 728 2818 et
744 2753 884 2821 ciusdem
906 2753 968 2818 ode
989 2760 1042 2824 ll.
1077 2755 1172 2843 „Cur
1188 2777 1254 2820 nors
1272 2751 1331 2818 sub
1350 2753 1419 2818 alta
1439 2754 1493 2822 cet
1503 2755 1581 2843 pla-

238 2858 332 2927 tano,
362 2842 414 2910 vel
436 2843 499 2909 lrac
521 2850 604 2933 pinu
631 2850 771 2912 ucenses
796 2854 846 2915 sic
871 2861 1005 2935 tenura,
1032 2863 1067 2915 et
1084 2870 1160 2915 rusa
1179 2865 1278 2914 canos
1297 2846 1426 2913 odorati
1443 2848 1583 2936 capillos

239 2984 360 3004 .....
378 2950 529 3026 potamus
549 2940 658 3004 uncti?
692 2938 807 3033 Neque
826 2965 891 3008 non
911 2940 969 3007 illa
989 2956 1175 3011 senectutem
1197 2942 1285 3008 olent
1302 2995 1320 3028 „
1334 2942 1419 3007 Vici
1429 2940 1585 3029 puellis”

238 3043 273 3097 et
291 3029 349 3096 illa
376 3029 436 3096 ode
459 3036 512 3099 ll.
543 3029 596 3098 lib.
620 3037 653 3099 1.
676 3035 710 3100 4.
755 3035 854 3123 „Age
877 3040 942 3101 ram
964 3036 1199 3122 nreonsmfinis
1218 3058 1380 3120 arrarum,
1409 3057 1476 3100 non
1498 3041 1582 3099 enim

234 3123 374 3212 postltae
394 3123 462 3188 alia
482 3123 592 3189 calebo
602 3124 769 3213 femma.”
812 3129 898 3216 Qtn'rr
924 3141 960 3194 et
981 3130 1064 3195 oden
1085 3135 1228 3218 primam
1248 3127 1323 3193 libri
1340 3133 1373 3194 4.
1395 3142 1523 3195 constat
1541 3126 1586 3193 ab

238 3240 277 3282 eo
297 3241 402 3306 prope
421 3225 689 3311 quinquagenario
710 3227 880 3310 sareptam:
900 3232 937 3287 at
954 3223 1096 3290 ultimam
1116 3222 1284 3312 epistolam
1303 3221 1398 3288 tuus
1415 3222 1491 3288 libri
1502 3228 1582 3288 seri·

233 3319 307 3400 psit
326 3336 427 3377 annos
454 3326 547 3378 naues
569 3317 624 3381 44.
667 3314 751 3400 „Me
778 3329 890 3406 quater
914 3315 1056 3381 undenos
1084 3321 1168 3383 sciat
1193 3315 1371 3404 implevisse
1391 3315 1584 3382 Decembres

244 3405 408 3494 Collegam
422 3406 577 3494 Lepidum
598 3431 659 3497 quo
681 3408 775 3474 ducit
784 3408 908 3475 Lollius
927 3408 1046 3475 anna.”
1079 3413 1135 3477 Aa
1155 3414 1285 3477 eandem
1306 3411 1391 3475 bano
1411 3413 1582 3495 epistolam

133 3504 136 3511 ’
237 3511 271 3566 et
304 3504 404 3566 verba
438 3522 530 3564 nemo
561 3500 643 3565 adeo
667 3501 772 3588 ferus-
787 3515 836 3567 est
864 3526 936 3569 cum
967 3505 1151 3592 Theognim
1182 3505 1373 3591 allegasset,
1406 3507 1581 3571 Muretus:

117 3662 121 3669 .
239 3614 304 3657 non
325 3591 489 3681 intelliffl't,
512 3592 590 3684 quid
612 3593 773 3683 Theognis
792 3594 887 3661 dicat.
931 3596 1098 3684 Denique,
1129 3608 1165 3662 nt
1186 3610 1292 3663 cetera
1313 3609 1456 3675 mosam,
1481 3600 1523 3663 'sd
1544 3597 1582 3663 li-

237 3686 291 3751 bri
312 3686 441 3752 secundi
461 3699 657 3772 postremam
680 3689 867 3774 epistolam,
897 3680 953 3755 nbi
974 3712 1080 3776 purae
1098 3701 1175 3754 sumt
1185 3688 1318 3777 plateae
1339 3691 1383 3755 ait
1404 3691 1579 3767 Horatium,

240 3791 273 3845 et
294 3779 470 3845 Lambinus
491 3803 607 3847 vocem
629 3782 715 3847 illam
731 3803 850 3869 puram
871 3784 1028 3867 explicat,
1053 3786 1138 3849 addit
1158 3787 1330 3853 Muretusr
1366 3783 1527 3872 Virgilius
1548 3790 1583 3848 irs

242 3875 328 3939 XII.
344 3876 361 3938 7
366 3877 416 3942 70.
445 3873 514 3938 Sed
524 3880 655 3962 stirpem
673 3875 787 3941 Teucri
800 3874 887 3939 nullo
903 3874 1083 3941 discrimine
1099 3899 1224 3940 sacuam
1235 3875 1435 3957 emulemur,
1444 3900 1534 3964 pum
1549 3890 1585 3941 ut

233 3979 371 4052 possent
388 3991 571 4032 concurrere
592 3992 716 4057 campo.
762 3968 853 4034 Orici.
877 3972 910 4036 3.
934 3969 1065 4034 Metam.
1087 3974 1121 4034 in
1141 3982 1294 4036 eabemo.
1338 3970 1443 4034 Purus
1464 3968 1507 4033 ab
1527 3994 1581 4034 arb

148 4124 151 4129 ,
239 4056 365 4123 boribus
384 4059 566 4148 spectabilis
586 4061 722 4152 untdique
743 4085 883 4150 scrupus.
924 4065 975 4129 La
999 4063 1133 4152 galera,
1161 4064 1287 4155 quanda
1308 4064 1336 4128 il
1354 4063 1487 4154 padron
1507 4062 1588 4129 vuol

239 4151 377 4218 ἰἱοηηίνο
403 4160 438 4218 in
466 4153 576 4243 lrtoglti
600 4154 631 4220 sl
647 4155 749 4243 fatti,
778 4155 896 4220 manda
924 4180 988 4222 una
1005 4156 1144 4246 fregata
1169 4181 1192 4221 a
1220 4157 1349 4240 vedere,
1380 4154 1427 4220 s'b
1447 4156 1587 4221 munii

233 4268 355 4333 paese,
384 4269 459 4311 over
477 4247 524 4312 s’i
545 4246 668 4331 brutt03
700 4247 769 4315 aiei
796 4270 832 4313 se
857 4256 890 4315 ci
907 4274 967 4316 son
987 4257 1124 4334 cursari,
1156 4275 1177 4317 o
1198 4275 1250 4319 no.
1294 4256 1474 4320 Praetereo
1497 4275 1582 4317 vero

238 4341 398 4424 plurima,
429 4364 511 4427 quae
533 4345 739 4411 hortantum
761 4358 924 4429 spectant,
956 4347 1035 4432 quid
1062 4370 1081 4411 a
1102 4349 1239 4413 Murato
1260 4347 1437 4412 Lambinus
1459 4346 1495 4410 in
1515 4346 1582 4410 illis

239 4436 491 4515 commentariis,
522 4439 600 4523 quid
626 4441 667 4503 ab
696 4439 765 4504 aliis
794 4452 954 4505 mutuatus
983 4442 1067 4507 sit.¹
1109 4442 1161 4507 De
1183 4443 1232 4507 his
1254 4440 1491 4508 commentariis
1512 4440 1582 4506 suis

240 4554 413 4573 ὴ

277 4614 307 4677 l)
325 4609 373 4662 Ita
390 4608 432 4662 ad
448 4609 495 4665 nd.
515 4610 563 4666 ltb.
577 4617 604 4667 l.
619 4616 665 4673 13.
685 4612 733 4664 ubi
750 4613 876 4684 explieat
894 4620 1032 4686 impressit
1051 4633 1202 4670 memorem
1221 4616 1305 4671 dente
1323 4614 1423 4680 labris,
1442 4614 1580 4668 Muretus

237 4682 278 4735 at
301 4684 382 4737 illam
407 4692 604 4739 commentarii
628 4697 742 4758 partem
767 4688 853 4742 dareta
878 4697 1075 4743 tranmrsrsum
1100 4692 1177 4743 linea
1199 4689 1353 4762 adscripsit
1372 4706 1480 4746 meum.
1516 4690 1581 4757 Oris

185 4813 189 4822 .
237 4777 313 4885 “3⁸⁹
323 4759 373 4886 §sd
390 4760 517 4854 distein
535 4760 623 4854 illud.-
648 4765 693 4818 Tu
713 4769 768 4819 nisi
789 4769 879 4857 ventis
900 4764 1170 4858 debes'lodibriom,
1188 4772 1303 4837 pariter
1321 4774 1454 4859 apposuit
1473 4784 1577 4819 meum,

305 4836 1180 4988 ...w
1198 4841 1578 4992 4454544
