3322 5578
770 196 789 241 k.

298 402 319 464 s
724 376 1243 479 n1.Tnnniictcnnouts
1311 368 1314 381 ’

278 458 297 521 3
479 504 482 510 .

296 544 328 607 ui
366 545 497 620 fundus,
526 545 659 630 pecunia
677 545 874 611 Caesenniae
895 560 1034 630 emptus,
1059 550 1120 613 suit
1144 553 1300 617 addictus.
1347 555 1527 639 Caesennia,
1550 584 1606 625 cun
1647 600 1648 603 =

281 661 364 704 ‘raon
389 641 487 707 tuitlto
510 654 585 725 post
614 644 659 706 A.
684 640 842 706 Caecinae
875 645 1033 724 nupsisset
1063 666 1197 731 eumque
1225 648 1374 713 heredem
1403 651 1539 730 fecisset,
1564 660 1608 720 dc-

297 734 406 797 cessit.
453 738 536 798 Tum
562 736 720 800 Aebutius
746 736 876 800 l'undum
905 739 1013 813 illum,
1037 762 1130 823 quem
1156 746 1302 807 mandato
1327 744 1515 812 Caesenniae
1539 750 1607 813 cnie-

296 840 365 905 rat,
390 850 480 893 suum
511 851 580 894 osse
606 829 698 895 dixit.
743 832 856 914 Itaque
887 834 1093 896 constitutum
1115 834 1194 911 init,
1221 860 1285 920 quo
1312 839 1362 903 die
1384 842 1414 904 in
1441 864 1506 905 rem
1530 865 1607 926 prae·
1647 816 1648 861 ¹

296 936 417 986 sentem
440 924 626 1001 veniretur,
642 936 696 1001 nt,
722 948 793 988 cum
817 925 955 990 Caecina
974 931 1012 990 dc
1030 929 1130 991 Iuntlo
1144 942 1228 994 esset
1249 933 1407 1010 deiectus,
1431 936 1608 1001 interdictum

295 1039 311 1079 a
334 1029 486 1100 praetore
507 1020 698 1101 postularet.
741 1021 867 1083 Verum
895 1021 1051 1084 Aebutius
1067 1023 1176 1088 tundo
1204 1040 1384 1109 occupato,
1410 1029 1568 1095 Caecinam
1583 1031 1607 1093 in

294 1134 364 1176 euru
397 1112 522 1197 ingredi
553 1126 739 1202 conantem,
771 1115 890 1178 coactis
922 1113 1117 1199 nuntietisque
1147 1114 1328 1185 hominibus
1358 1145 1416 1205 per
1450 1125 1510 1187 vim
1540 1125 1609 1189 aditu

294 1208 505 1295 ingressuque
533 1210 711 1291 probibuit.
756 1210 917 1292 Repulsus
950 1208 1089 1275 Caecina
1119 1211 1321 1278 interdictum
1348 1220 1387 1280 de
1413 1218 1535 1282 armatis
1560 1220 1609 1283 ho·

290 1304 425 1395 minibus
454 1325 470 1367 a
501 1304 671 1367 Dolabella
698 1317 847 1386 praetore
873 1303 1077 1386 impetravit,
1116 1320 1150 1369 nt
1175 1313 1255 1373 unde
1285 1311 1425 1376 deiectus
1450 1325 1547 1389 essct,
1578 1335 1608 1376 co

290 1398 526 1475 restitueretur.
578 1400 735 1462 Aebutius
765 1398 941 1462 restituisse
970 1421 1004 1460 se
1037 1399 1133 1463 dixit:
1171 1402 1204 1465 in
1237 1426 1369 1490 eantque
1403 1430 1468 1469 rem
1495 1406 1608 1491 sponsio

173 1500 175 1507 '
288 1495 455 1558 Iactaest.
499 1495 551 1560 De
571 1516 631 1578 qun
654 1505 920 1576 recuperatores,
946 1496 961 1557 a
986 1505 1137 1576 praetore
1158 1498 1239 1574 dati,
1265 1512 1502 1585 cognorerunt.
1540 1502 1609 1564 Tota

179 1596 182 1601 '
291 1588 436 1672 quaestio
460 1587 652 1653 delinitionis
680 1600 747 1666 est,
783 1590 835 1651 An
867 1588 1036 1652 interdicto
1069 1590 1107 1650 de
1138 1591 1169 1654 vi
1200 1603 1343 1663 teneatur
1375 1597 1467 1659 etiam
1495 1595 1538 1675 is,
1566 1597 1610 1681 qui

158 1680 162 1691 '
242 1678 247 1687 ’
289 1704 353 1747 tion
378 1682 490 1746 deiecit
510 1686 548 1746 de
571 1683 690 1758 fundo,
725 1685 782 1745 sed
804 1685 844 1745 ab
870 1684 936 1748 eius
966 1683 1116 1765 ingressu
1143 1687 1334 1769 prohibuit?
1364 1694 1403 1754 de
1430 1714 1490 1777 qua
1514 1715 1547 1757 re
1567 1692 1610 1758 Ci-

289 1784 365 1839 'eero
392 1776 424 1838 in
449 1779 590 1842 Oratore
615 1800 688 1859 cap.
716 1778 768 1841 29.
812 1781 903 1844 Τοῖα
935 1778 1022 1839 milti
1048 1805 1160 1848 causa
1186 1805 1250 1866 pro
1281 1786 1428 1848 Caenina
1456 1786 1494 1850 de
1521 1787 1609 1851 verbis

290 1869 461 1933 interdicti
472 1872 572 1952 fnit:
591 1892 643 1934 res
665 1872 835 1934 involutas
856 1869 1044 1945 deliniendo
1064 1870 1333 1957 explicavimus,
1355 1880 1410 1940 ius
1434 1878 1531 1941 civile
1550 1879 1611 1940 Inu-

290 1961 462 2039 desimus,
484 1962 583 2025 rerba
605 1962 773 2043 nnrbigun
795 1960 1022 2031 distinximus.
1058 2002 1061 2013 ι

755 2108 875 2117 -μ-ν
887 2110 1050 2121 mom-...mv
1071 2112 1129 2122 --οη
1143 2115 1161 2120 .-

342 2276 344 2280 ,
387 2200 480 2266 dimo
503 2203 594 2267 urbis
616 2134 736 2271 DOLX
737 2203 812 2270 XX
815 2206 850 2268 V.
872 2206 1041 2271 Ciceronis
1067 2205 1246 2273 XXXIX.
1269 2229 1357 2271 coss.
1370 2210 1521 2288 fuerunt

338 2342 383 2418 L.
416 2344 703 2451 'CAECILIUS
754 2347 1045 2444 METELLUS,
1100 2350 1146 2450 Q.
1192 2348 1418 2427 MARCIUS
1462 2348 1568 2424 REX.

370 2503 421 2567 De
433 2502 483 2565 bis
495 2504 681 2569 consulibus
696 2504 814 2569 Cicero
828 2504 857 2566 in
873 2505 1025 2569 Pisonem
1039 2528 1110 2588 cap.
1127 2507 1179 2568 lu:
1198 2506 1289 2573 ,lude
1304 2529 1410 2583 nuric,
1426 2500 1563 2586 dfurin,
1580 2501 1611 2563 de

286 2605 347 2661 tuo
370 2598 577 2677 (consulatu)
603 2600 733 2673 dicere,
755 2602 855 2662 cuius
865 2596 944 2676 suit
962 2601 1098 2661 initium
1118 2600 1195 2662 Iudi
1214 2600 1452 2680 compitalicii
1467 2608 1538 2659 tum
1556 2594 1611 2677 pri·

284 2712 378 2753 mum
392 2691 495 2770 facti
517 2702 596 2773 post
619 2693 656 2754 L.
682 2690 864 2754 Metellum
885 2698 917 2754 et
944 2691 983 2768 O.
1009 2690 1187 2753 Marcium
1206 2710 1291 2752 coss.
1313 2699 1439 2751 contra
1473 2685 1611 2752 caetori·

285 2789 391 2845 tntem
419 2780 522 2844 huius
543 2781 683 2846 ordinis.
724 2783 773 2844 Ita
800 2780 882 2844 enim
917 2793 1004 2843 rcctc
1031 2782 1150 2846 Paulus
1182 2779 1350 2842 Manutius
1385 2774 1513 2843 nomina'
1538 2795 1611 2839 inen-

286 2877 364 2938 dosa
394 2871 545 2937 restituit.
601 2874 689 2936 litem
727 2875 894 2938 Manutius
929 2877 991 2937 hoc
1018 2897 1101 2937 auno
1133 2875 1302 2958 epistolam
1337 2876 1369 2939 5.
1410 2876 1485 2938 libr.
1524 2875 1549 2936 1.
1580 2868 1611 2929 ad

196 2964 201 2973 ’
287 2968 430 3033 Atticum
460 2967 611 3050 scriptam
642 2982 752 3050 putat:
776 2971 807 3033 in
838 2990 898 3054 qua
926 2973 965 3031 de
992 2971 1034 3034 L.
1069 2969 1237 3034 Ciceronis
1265 2981 1369 3033 morte
1397 2969 1506 3053 agit.¹
1548 2964 1634 3053 Hoc·

286 3084 369 3126 anuo
395 3064 437 3126 P.
466 3060 601 3126 Clodius
623 3065 752 3127 Luculli
783 3062 958 3129 eriercitum
987 3066 1016 3127 in
1041 3064 1162 3129 Nisibis
1186 3064 1276 3127 urbis
1306 3063 1480 3127 obsidione
1507 3055 1612 3124 sollici·

254 3150 257 3155 ’
288 3157 385 3231 tavit,
418 3167 550 3220 anctore
574 3156 682 3220 Dione
711 3159 767 3222 lib.
795 3160 955 3235 XXXV,
982 3161 1055 3233 ti.;
1082 3161 1163 3222 unde
1191 3157 1310 3222 Cicero
1342 3159 1381 3221 de
1411 3153 1613 3238 Haruspicum

287 3273 376 3335 resp.
400 3272 472 3332 cap.
497 3253 550 3313 ib.
575 3253 654 3313 Post
674 3255 827 3317 enercdu
853 3253 888 3314 L.
906 3253 1050 3316 Luculli
1068 3254 1280 3328 sollicitato,
1292 3252 1401 3334 fugit
1426 3254 1535 3316 illinc.

436 3492 530 3559 Anno
552 3464 650 3560 llrbis
669 3494 919 3558 DOLXXXVI.
942 3494 1112 3577 Ciceronis
1132 3446 1208 3556 XL.
1229 3513 1315 3555 coss.
1329 3492 1485 3573 fuerunt

339 3640 382 3712 e.
424 3634 748 3711 cunnunmus
795 3634 936 3729 nise,
980 3634 1040 3707 Μ’.
1080 3584 1303 3752 scimus
1332 3632 1569 3709 connato.
1642 3660 1648 3671 ,

368 3792 414 3856 Hi
443 3792 590 3856 consules
619 3791 823 3878 nominantur
843 3814 860 3853 a
884 3790 1044 3855 Cicerone
1071 3791 1129 3853 lib.
1156 3792 1240 3855 XII.
1266 3812 1319 3872 ep.
1344 3790 1399 3855 92.
1427 3795 1480 3861 ad,
1497 3799 1564 3854 Att.
1589 3794 1615 3847 et

287 3887 466 3969 Philippica
494 3888 629 3949 secunda
665 3908 738 3967 cap.
766 3888 817 3960 5.;
845 3888 959 3970 quibus
991 3885 1032 3951 C.
1062 3884 1225 3959 Triarius,
1259 3885 1383 3968 legatus
1419 3882 1571 3973 Luculli,
1601 3899 1615 3939 a

288 3980 479 4045 Mithridate
501 3980 606 4042 victus
636 3979 716 4052 fuit,
741 3990 775 4040 ut
799 3979 881 4056 Dio,
907 3982 1101 4044 Plutarchus
1131 3990 1162 4040 et
1188 3970 1357 4060 Appianus
1381 3980 1551 4042 scribunt:
1572 3970 1620 4058 qui

287 4078 405 4139 addunt
428 4073 579 4137 cecidisse
602 4084 668 4135 tum
695 4074 895 4137 centuriones
922 4072 1016 4157 CL„
1042 4071 1189 4135 tribunos
1212 4072 1349 4135 XXIV.
1371 4084 1404 4135 et
1428 4084 1533 4135 castra
1555 4069 1618 4131 Ro·

289 4188 454 4231 rnanorum
484 4187 502 4228 a
534 4166 723 4230 Mithridate
748 4178 840 4249 capta
867 4168 978 4252 inisse
1035 4168 1128 4230 Haec
1154 4176 1202 4228 est
1232 4164 1286 4227 illa
1314 4158 1497 4242 calamitas,
1534 4179 1619 4246 quam

289 4260 408 4325 Cicero
434 4260 466 4322 in
495 4261 668 4323 Maniliana
695 4281 767 4342 cap.
794 4262 827 4324 il.
852 4273 967 4325 tantam
990 4261 1087 4331 luisse
1111 4258 1173 4336 ait,
1209 4268 1248 4319 nt
1275 4281 1351 4323 enm
1383 4259 1435 4322 nd
1461 4276 1561 4322 aures
1586 4251 1617 4313 L.

288 4354 433 4416 Luculli
453 4356 669 4435 imperatoris
689 4377 758 4417 unu
777 4377 822 4418 ex
841 4357 976 4436 praelio
998 4356 1171 4433 nuncius„
1187 4351 1246 4416 sed
1264 4373 1309 4413 ex
1329 4371 1487 4414 sermone
1507 4359 1622 4411 remor

288 4448 439 4523 cfflrret.
483 4446 558 4507 Hic
581 4447 712 4524 inipso
742 4444 805 4505 illo
831 4446 928 4518 niolo
961 4444 1233 4525 gravissimoque
1261 4439 1345 4503 belli
1375 4440 1567 4518 offensione
1586 4432 1620 4494 L.

285 4537 475 4612 Lucullus,
509 4537 572 4620 qui
596 4544 710 4596 tamen
737 4534 862 4616 aliquo
890 4553 934 4594 ex
959 4543 1058 4612 parte
1091 4534 1132 4594 iis
1154 4529 1377 4593 incommodis
1402 4523 1622 4606 mederifpr·

285 4636 373 4689 tosse
393 4628 579 4707 potuisset,
608 4633 714 4687 restro
738 4626 830 4685 iussn
853 4628 1016 4697 coactus,
1040 4622 1136 4704 quod
1154 4622 1290 4703 imperii
1310 4619 1540 4687 diuturnitati
1557 4633 1626 4716 mo:

285 4715 366 4777 dum
395 4714 611 4792 statuendum
643 4716 746 4778 reteri
773 4714 931 4792 exenrplo
960 4715 1161 4793 putavistis,
1194 4719 1328 4793 partem
1356 4712 1533 4786 militum,
1568 4722 1624 4788 qm

299 4806 1618 4834 Μ

322 4869 351 4929 1)
372 4862 430 4917 etr.
453 4865 595 4918 'tunicam
616 4862 772 4935 Epistolem
795 4876 855 4934 pag.
873 4870 917 4921 12.
957 4861 998 4917 nb
1015 4862 1069 4914 boe
1091 4859 1202 4912 demum
1223 4876 1295 4910 anno
1318 4862 1461 4930 incipiunt
1482 4853 1623 4912 Ciceronis

283 4939 425 5013 Epistolae
442 4940 522 4991 nobis
543 4954 665 4991 servatae
686 4952 712 4989 et
732 4937 844 5008 quidem
862 4957 877 4993 s
900 4938 961 4993 Lib.
976 4938 998 4992 Ι.
1016 4934 1050 4989 ad
1070 4940 1206 5015 Atticum.
1245 4935 1286 4989 Ex
1303 4949 1362 4987 toro
1381 4933 1537 4988 consulam
1554 4924 1624 4984 nulls

283 5031 407 5089 superest
429 5014 559 5087 epistola.
583 5036 589 5045 ·
