3322 5578
571 409 812 473 HISTORIA.
1334 408 1353 471 3

72 578 111 619 rar
128 552 329 639 liberiorem
349 554 501 637 λέγουσιν
520 546 624 640 ἡμέρᾳ
644 550 734 641 rpirp
757 540 1116 625 sensimsensrm,
1139 546 1171 609 id
1193 559 1259 622 cst,
1284 549 1356 610 edi·
1397 545 1400 550 ’

71 659 124 707 tim
139 636 175 708 ⁴in
199 648 303 708 lucem
325 647 521 711 Ciceronem
539 642 673 735 ferunt
699 644 802 707 tertio
832 642 886 704 die
907 641 1147 706 Kalendarum
1175 663 1353 717 nonarum,

69 741 133 814 sire,
152 750 215 820 post
236 739 315 801 diem
340 739 466 801 tertimn
488 739 564 802 ltu.
588 738 738 811 lantiam,
772 758 836 821 quo
860 757 977 821 genere
999 736 1148 818 loquendi
1171 758 1233 800 narr
1258 757 1354 819 quar·

70 844 118 908 tus,
138 836 184 894 sed
203 833 311 895 tertius
335 834 400 895 dics
423 831 562 895 Ianuarii
584 830 799 913 significatur,
824 842 857 892 ut
879 829 937 903 sit,
963 829 1058 892 tertio
1083 831 1132 891 die
1147 842 1222 911 post
1237 831 1354 893 Kalen-

70 929 123 999 dis,
143 926 380 989 connumeratis
402 926 479 1009 ipsis
502 926 666 990 Kalendis.
701 927 754 988 Sic
769 922 883 986 Livius
905 923 979 983 libr.
995 924 1111 985 XXX.
1136 945 1206 1004 cap.
1222 924 1274 985 28.
1299 925 1352 996 ait,

70 1020 329 1102 Hannibalempost
345 1032 468 1083 sextum
485 1019 637 1083 decimum
654 1042 765 1082 annmn
785 1041 822 1081 ex
837 1016 925 1079 ltalia
943 1016 1132 1079 decessisse:
1151 1017 1203 1100 qui
1221 1017 1305 1079 verrit
1321 1019 1353 1080 in

69 1114 159 1176 Italiam
168 1135 256 1187 anno,
268 1127 302 1175 ut
312 1114 423 1177 Livius
433 1126 585 1189 numerat,
598 1116 637 1175 ab
645 1114 685 1194 U,
694 1112 933 1183 CDXXXII,
945 1109 1165 1173 decessitanno
1174 1111 1356 1178 DXLVH.

68 1209 142 1270 Recte
151 1208 241 1290 igitur
252 1208 383 1270 Paullus
396 1208 555 1271 Iuriscon.
569 1207 600 1270 in
613 1209 656 1270 L.
669 1207 859 1271 Anniculus
873 1206 917 1268 D.
934 1204 975 1265 de
990 1204 1079 1265 verb.
1100 1203 1227 1294 signif.
1264 1209 1354 1270 Ante

68 1300 557 1375 diendecimumKalendnrum,
575 1313 656 1384 post
675 1301 764 1363 diem
779 1298 946 1362 decimum
953 1297 1201 1373 Jt'alendarum,
1218 1314 1352 1378 neutro,

67 1392 149 1473 inquit,
163 1414 313 1456 sermone
329 1394 484 1456 undecim
499 1394 572 1457 dies
586 1395 679 1477 signi
698 1407 846 1468 icantur.
874 1391 926 1453 Sic
941 1392 1019 1453 enim
1037 1392 1201 1481 legendum
1218 1415 1258 1455 ex
1269 1394 1355 1459 Pan-

69 1485 138 1547 dectis
155 1486 361 1559 Florentinis,
387 1509 468 1562 raon,
492 1500 636 1571 utroque
657 1508 832 1561 sermone:
857 1495 889 1546 ut
911 1506 1077 1565 perperam
1103 1485 1263 1563 Alciatus,
1289 1489 1354 1551 Bu-

71 1579 151 1651 heus,
177 1581 269 1642 Valla
294 1593 325 1643 et
348 1580 510 1643 Corradus
532 1582 690 1664 legerunt.
735 1583 833 1661 Apud
855 1580 1061 1642 Plutarchum
1085 1601 1205 1643 enarrem
1229 1583 1352 1645 dubita·

70 1671 152 1735 tionem
172 1672 250 1735 tollit
273 1672 304 1734 id
327 1677 413 1758 qarod
434 1675 595 1757 sequitur:
618 1678 651 1740 ir
672 1665 692 1765 ᾗ
711 1675 769 1739 νῦν
791 1677 822 1738 oi
839 1669 992 1758 ἄρχοντες
1010 1669 1158 1758 εὔχονται
1174 1679 1228 1739 καὶ
1245 1671 1352 1743 ston-

68 1789 105 1829 on
118 1762 185 1851 isin
197 1770 257 1832 τοῦ
274 1763 447 1853 ν’)γὸμόνος,
466 1768 497 1830 id
520 1781 583 1844 cst,
609 1790 676 1851 quo
692 1767 746 1829 dic
761 1789 850 1829 nesrac
873 1764 1101 1847 magistratus
1112 1788 1179 1848 pro
1195 1769 1351 1852 Principe

57 1856 170 1947 jacient
192 1871 225 1921 et
248 1872 331 1923 nota
358 1873 568 1942 nuncupant.
613 1862 663 1924 De
693 1883 758 1943 epto
788 1860 836 1923 die
866 1859 964 1924 Caius
994 1852 1089 1922 int..
1134 1861 1172 1925 Si
1192 1863 1350 1927 calvitur.

67 1953 98 2014 Ι).
114 1954 147 2014 de
164 1955 249 2016 acrb.
273 1951 399 2044 signif.
443 1959 525 2018 Post
552 1955 728 2021 Kalemlas
750 1954 935 2018 Ianuarias
957 1953 1011 2015 dic
1033 1953 1136 2016 tertio
1155 1977 1222 2036 pro
1243 1960 1353 2037 saline

67 2047 198 2129 Principis
226 2060 308 2117 uota
334 2048 589 2130 suscipiuntur,
621 2048 673 2111 uhi
702 2048 828 2113 tertium
852 2048 932 2110 diem
957 2047 1096 2110 ianuarii
1117 2047 1351 2133 intelligendum

67 2160 116 2202 esse
138 2142 206 2204 haec
235 2143 334 2203 verba
359 2141 533 2222 Capitolini
560 2143 590 2204 in
622 2144 789 2207 Pertinace
817 2165 887 2225 cap.
911 2144 945 2203 6.
976 2146 1163 2212 ostendunt:
1198 2147 1354 2230 Denique

65 2238 265 2299 natetertium
288 2239 473 2300 Nonarum
495 2236 603 2309 slicm,
631 2237 729 2301 Votis
751 2237 853 2319 ipsis,
878 2237 1003 2299 milites
1018 2241 1220 2301 Maternum
1236 2241 1354 2304 Lasci-

65 2329 146 2403 uium,
165 2343 358 2393 certatorem
379 2330 542 2405 nobilem,
567 2331 689 2392 elucere
712 2330 747 2390 iu
769 2342 886 2391 rastra
908 2334 1099 2391 nolreerunt.
1137 2333 1235 2395 Votis
1254 2335 1352 2415 ipsis,

66 2421 155 2497 idest,
183 2423 253 2507 ipso
279 2437 426 2487 votorum
451 2424 517 2498 die,
551 2427 713 2505 qaromodo
740 2422 849 2492 ludis,
881 2420 1150 2495 gladiatoribus,
1182 2435 1213 2485 ct
1241 2426 1353 2492 similia

65 2517 192 2582 aLatinis
213 2519 373 2582 dicuntur.
419 2518 470 2580 De
499 2518 604 2579 iisdem
637 2512 718 2577 votis
743 2512 987 2595 Spartianus'iu
1011 2511 1175 2577 Hadriano
1203 2538 1274 2598 cap.
1297 2521 1349 2584 23.

67 2610 290 2691 Ingravescente
310 2611 499 2673 valetrrdiue
529 2598 601 2692 per
619 2607 790 2671 somnium
813 2607 919 2690 periit
946 2606 1029 2688 ipsis
1058 2609 1139 2672 Kal.
1162 2611 1351 2677 Ianuariis.

68 2703 150 2780 (luae
169 2707 215 2767 ab
232 2705 418 2769 Hadriano
446 2716 603 2772 notorum
631 2724 736 2765 corma
755 2714 805 2763 est
831 2700 944 2784 lugeri
966 2700 1107 2779 uetitus3
1136 2711 1166 2762 et
1189 2704 1353 2785 Vopiscus

66 2792 86 2855 in
103 2798 198 2862 'lecito
220 2821 296 2880 cap.
320 2801 351 2861 9.
374 2799 543 2863 Diuorum
566 2799 727 2879 terrrplum
740 2796 829 2873 sacri
851 2795 968 2869 iussit,
1001 2797 1035 2857 in
1058 2819 1134 2882 quo·
1151 2813 1263 2863 essent
1283 2815 1355 2864 sta·

65 2890 121 2951 luae
136 2892 326 2974 principum
347 2893 533 2965 latinorum,
558 2892 622 2964 ita,
648 2903 686 2953 ut
707 2891 828 2962 iisdem
847 2891 1032 2953 arctatus
1053 2895 1145 2972 suis,
1170 2898 1353 2976 Parilibus,

64 2983 195 3047 Kalendis
216 2986 393 3051 Ianuariis
414 2998 448 3048 ct
471 2986 569 3051 Votis
590 2984 754 3046 libamina
771 2996 994 3065 ponerentur.

125 3080 223 3141 Mater
239 3078 428 3152 Ciceronis,
453 3100 533 3162 quae
555 3079 676 3159 ipsum,
703 3090 736 3138 ut
751 3078 942 3141 Plutarchus
964 3079 1093 3157 scribit,
1119 3084 1186 3148 sine
1210 3087 1274 3150 ullo
1298 3089 1356 3151 do-

63 3168 112 3231 lere
134 3173 270 3254 peperit,
303 3172 364 3234 luit
387 3172 522 3246 Helvia,
555 3183 589 3234 ut
620 3175 659 3233 ab
683 3170 824 3235 Eusebio
857 3183 888 3233 ct
909 3174 1025 3236 Paullo
1048 3176 1195 3242 Diacono
1222 3181 1253 3242 in
1281 3202 1356 3262 sup-

63 3264 195 3341 plementis
217 3264 424 3346 Eutropianis
454 3277 541 3327 recte
563 3265 760 3329 riorrriuatur:
791 3286 859 3326 narn
891 3269 974 3346 apud
997 3269 1202 3332 Plutarchum
1222 3270 1357 3356 Ὀλβίαν

63 3360 182 3421 mendose
203 3373 250 3422 est
273 3381 334 3440 pro
354 3354 525 3441 ‘h'l,a³iren¹‚
559 3362 645 3443 qriod
669 3380 782 3421 ticinen
805 3357 835 3419 in
859 3361 998 3420 ciusdem
1022 3361 1267 3439 Qiiacstionibus
1289 3368 1358 3429 tto-
1429 3412 1432 3417 -

63 3452 135 3513 nanis
159 3457 318 3516 emendate
349 3453 484 3535 legitur,
517 3475 581 3533 qtro
613 3452 702 3514 dein
727 3451 996 3514 Annotationibus
1018 3452 1049 3514 in
1072 3456 1180 3518 Orosii
1210 3458 1282 3519 libr.
1308 3460 1354 3523 V.

62 3565 113 3625 up.
131 3550 177 3610 lb.
219 3545 344 3609 Habuit
374 3559 471 3608 nrater
502 3545 668 3609 Ciceronis
699 3565 864 3619 sororem,
898 3567 977 3627 epam
1009 3546 1048 3613 C.
1070 3550 1228 3613 Aculcoui
1258 3554 1357 3634 cqrtiti

62 3637 93 3699 li.
110 3640 223 3722 nupsit:
249 3662 343 3724 quem
366 3641 408 3702 L.
427 3639 562 3704 Crassus
585 3639 693 3702 dilexit
717 3662 757 3700 cx
780 3639 924 3714 onmibus
948 3640 1131 3720 plurimum,
1160 3654 1193 3704 ut
1209 3656 1256 3706 est
1271 3645 1355 3709 libro

62 3732 94 3793 ll.
112 3756 172 3817 esp.
197 3738 252 3799 66.
278 3737 315 3797 dc
340 3735 496 3808 Oratore,
525 3733 579 3795 ubi
599 3733 795 3797 Aculeonem
820 3732 957 3796 Crassus
980 3737 1061 3815 apud
1085 3737 1138 3798 M.
1163 3739 1357 3819 Perpernam

62 3825 165 3890 iadicem
186 3842 299 3893 contra
323 3828 539 3894 Gratidianum
563 3826 740 3890 defendisse
763 3825 889 3888 dicitur.
927 3829 976 3891 Dc
1000 3831 1110 3892 eodem
1133 3829 1200 3912 ipsc
1221 3831 1356 3896 Crassus

62 3917 114 3981 libr.
132 3923 160 3985 Ι.
187 3946 262 4006 cap.
288 3923 341 3985 ld.
365 3926 507 3995 Nonne,
537 3920 653 4003 inqtrit,
685 3921 804 3983 uidetis
826 3921 971 4004 equitem
992 3925 1056 3996 R„
1088 3924 1258 3987 hominem
1274 3945 1357 3986 aen·

61 4011 167 4080 tissima
186 4018 343 4081 omnium
363 4016 521 4099 ingenio,
552 4015 612 4077 sed
636 4013 773 4077 minime
797 4015 919 4076 ceteris
943 4015 1076 4077 artibus
1096 4018 1287 4092 eruditum,
1315 4021 1355 4082 C.

59 4109 251 4187 Aetdeonem,
265 4111 326 4195 qui
339 4132 469 4172 naccum
484 4109 564 4171 uiuit
577 4129 774 4191 semperque
791 4108 889 4180 uixit,
907 4109 957 4171 ita
969 4121 1083 4172 tenere
1101 4111 1156 4174 ius
1168 4110 1274 4184 civile,
1291 4113 1354 4188 uti,

59 4222 117 4264 eam
134 4208 174 4269 ab
194 4209 259 4271 hoc
282 4205 496 4280 discesseris,
519 4224 618 4267 nemo
640 4204 680 4265 de
700 4201 762 4276 iis,
790 4203 848 4284 qui
865 4203 1069 4284 peritissimi
1089 4217 1185 4278 sunt,
1216 4217 1357 4288 antepo-

60 4300 162 4360 natur?
202 4300 309 4363 Huius
331 4299 428 4384 igitur
449 4296 626 4361 Aculeonis
647 4296 703 4359 lilii
720 4295 888 4360 Ciceronis
912 4297 1094 4359 consobrini
1116 4298 1262 4371 inerunt,
1286 4299 1357 4384 qui·

60 4385 165 4451 bucam
191 4416 226 4457 se
256 4394 289 4456 in
318 4391 452 4475 pueritia
482 4391 574 4455 bonis
608 4388 782 4470 disciplinis
813 4411 942 4472 operam
973 4390 1095 4452 dedisse
1126 4392 1193 4472 ipsc
1222 4402 1358 4455 testatur

61 4476 132 4545 initio
153 4485 225 4550 libri
248 4487 297 4551 ΙΙ.
326 4490 364 4550 de
386 4487 479 4551 Orat.
524 4487 578 4547 Ex
603 4484 651 4545 his
679 4485 738 4545 suit
763 4484 805 4548 C.
828 4483 981 4547 Visellius
1003 4487 1128 4558 Varro,
1166 4485 1214 4546 vir
1243 4489 1356 4550 doctus

62 4571 217 4656 inprimis:
242 4581 297 4666 qni
316 4580 395 4644 iuris
418 4580 521 4643 civilis
543 4601 560 4640 a
581 4592 672 4661 patre
695 4579 859 4641 Aculeone
877 4578 1018 4641 traditam
1034 4576 1133 4639 tenuit
1147 4577 1353 4661 disciplinam,

65 4663 202 4738 itBruto
233 4698 303 4758 cap.
328 4676 379 4739 76.
430 4675 480 4737 De
507 4675 619 4736 eodem
647 4673 678 4735 in
706 4672 799 4735 Orat.
829 4675 868 4735 de
894 4671 1066 4754 provinciis
1096 4694 1181 4738 coss.
1210 4695 1280 4757 esp.
1303 4676 1356 4737 tt.

65 4762 217 4849 Antequam
241 4772 280 4831 ad
299 4781 481 4855 sequentem
504 4789 617 4829 anniam
640 4779 786 4841 transeo,
810 4769 988 4830 admonebo
1009 4769 1223 4832 adolescentes
1238 4769 1358 4831 studio·

93 4948 311 5010 inserendarum
329 4968 404 5007 nunc
422 4966 465 5005 ese
480 4947 603 5030 ‘ulpian
620 4950 694 5003 Plut.
717 4965 777 5022 cap.
798 4956 825 5006 1·
845 4948 896 5002 Ed.
915 4948 1023 5005 Schael.
