3322 5578
578 335 820 400 ursinum.
943 309 953 333 '
1089 344 1092 349 ·
1344 342 1385 405 ss

47 474 121 539 eina
143 473 343 561 colligendis
365 475 479 539 litteris
498 474 531 539 in
550 479 690 541 Verrem
713 488 744 538 et
763 478 982 543 denuntiandis
1004 480 1193 545 testimoniis
1215 502 1389 567 peragras·

48 583 89 632 set
109 568 230 647 diebus
266 568 514 655 quinquaginta,
551 573 688 639 Romam
712 593 883 649 reversus,
913 596 984 636 corn
1006 572 1130 647 videret
1153 574 1184 638 id
1205 575 1277 660 agi,
1311 587 1387 639 uta

48 664 103 725 Μ’.
127 662 318 728 Glabrione
339 676 492 747 praetore
514 676 545 729 et
568 667 608 729 ab
630 666 666 729 iis
689 666 862 744 iudicibus,
898 666 953 752 qui
979 677 1055 730 tunc
1078 680 1185 745 erant,
1224 671 1264 732 ad
1291 669 1384 742 alium
1417 670 1421 683 '

45 780 154 820 annum
184 758 351 843 aliumque
382 770 565 841 praetorem
596 780 648 822 res
678 771 744 824 tota
775 759 925 825 transiret
950 761 1191 846 eriperetur-que
1224 762 1285 826 sibi
1309 784 1383 825 reus

43 851 225 935 patrocinio
252 852 423 918 Hortensii
452 874 489 915 ac
512 852 658 928 Metelli,
684 852 739 938 qui
763 865 839 917 tunc
872 854 1020 917 consules
1046 854 1148 918 futuri
1181 867 1289 931 erant;
1319 858 1384 920 hoc

44 956 246 1010 commentus
275 959 322 1011 est
348 948 500 1024 rationis,
525 960 560 1010 ut
580 947 758 1012 orationem
785 951 913 1034 longam
935 950 1205 1030 praetermitteret
1226 972 1329 1034 neque
1353 949 1384 1012 in

44 1040 232 1104 criminibus
268 1040 495 1106 declamatione
530 1041 727 1104 cumulandis
767 1054 891 1126 tempus
927 1045 1124 1123 absumeret,
1159 1047 1215 1107 sed
1247 1057 1385 1113 tantum·

45 1137 138 1200 nodo
167 1135 291 1200 citaret
317 1146 415 1199 testes
438 1138 479 1199 ad
502 1158 601 1199 unum
629 1139 779 1221 quodque
808 1139 926 1201 crimen
951 1140 1133 1220 expositum
1156 1150 1188 1203 et
1210 1160 1266 1204 eos
1294 1140 1384 1203 Hor·

46 1229 143 1293 tensio
181 1226 439 1313 interrogandos
466 1233 574 1307 daret,
610 1229 711 1315 inquit
731 1232 908 1297 ,Asconius
941 1254 1014 1317 arg.
1049 1236 1151 1297 Verr.
1176 1234 1232 1321 ll.
1292 1234 1385 1299 Unde

48 1323 263 1404 Quintilianus
289 1326 365 1389 libr.
393 1326 458 1389 Vl.
485 1346 558 1407 cap.
591 1326 642 1387 6.:
681 1328 801 1390 Cicero
837 1348 969 1390 summo
1006 1330 1151 1391 consilio
1185 1327 1315 1393 ridetur
1349 1329 1384 1389 in

49 1419 174 1482 l'errem
199 1420 256 1482 vel
278 1420 478 1483 contrahere
508 1427 663 1503 tempora
693 1415 828 1480 dicendi
853 1417 1014 1481 nialuisse
1044 1440 1150 1502 quam
1170 1421 1205 1481 iu
1226 1441 1304 1482 enm
1325 1440 1384 1483 an-

53 1530 142 1591 unm,
167 1530 246 1593 quo
271 1520 344 1573 erat
368 1511 408 1588 O.
428 1511 634 1573 Hortensius
658 1508 780 1570 consul
793 1505 962 1588 futurus,
993 1509 1159 1574 incidere:
1203 1509 1382 1575 Consilium

56 1622 135 1663 suurn
157 1602 231 1682 ipse
270 1599 390 1669 Cicero
422 1599 562 1664 Verrina
597 1601 733 1662 secunda
763 1598 895 1678 copiose
920 1600 1072 1681 exponit3
1107 1625 1189 1687 quae
1214 1618 1385 1688 praeterea

59 1694 306 1759 exhortationem
329 1694 471 1759 continet
496 1694 631 1776 iudicum
655 1696 696 1756 ad
722 1714 798 1755 vere
820 1690 1039 1757 iudicandum:
1072 1696 1174 1761 minae
1198 1722 1327 1785 qiroque
1349 1703 1381 1765 in

56 1788 250 1853 adversarios
288 1789 471 1873 diriguntur
506 1788 613 1853 omnia
648 1799 805 1852 tentantes
840 1789 878 1848 ad
915 1794 1183 1873 corrumpendum
1219 1795 1381 1862 iudicium.

56 1885 121 1965 Orsa
141 1884 294 1948 oratione
317 1883 385 1966 ipse
408 1880 548 1947 Verrina
572 1881 664 1947 tertia
695 1904 766 1964 cap.
783 1885 830 1944 ¹7.
854 1882 917 1944 hoc
942 1904 977 1945 sc
999 1897 1178 1951 assecutum
1201 1888 1300 1955 fuisse
1324 1891 1382 1970 ait,

56 1992 86 2041 nt
106 1999 164 2041 ona
186 1980 291 2053 hora,
318 1990 380 2062 qim
406 1976 517 2061 coepit
540 1978 663 2057 dicere,
688 2000 746 2042 reo
766 1974 986 2059 spemtudicii
1007 1983 1233 2063 corrumpendi
1257 1987 1384 2066 praeci·

57 2074 147 2136 deret.
193 2073 311 2137 Primo
332 2084 435 2135 cirtem
456 2072 506 2134 dic
529 2095 645 2161 magno
668 2072 794 2136 testium
813 2092 946 2135 numero
972 2071 1090 2148 citato,
1115 2076 1195 2141 alter
1218 2077 1284 2142 dies
1305 2080 1384 2143 ami·

58 2167 95 2231 eis
117 2166 235 2231 Verris
254 2179 287 2229 et
309 2166 534 2231 defensoribus
556 2190 619 2231 uon
639 2171 734 2231 inodo
759 2186 847 2247 spem
871 2144 1043 2243 victoriae,
1067 2175 1123 2233 scd
1146 2172 1238 2235 etiarn
1267 2175 1383 2239 volun-

58 2274 141 2326 tatem
167 2259 366 2325 defensionis
392 2260 535 2324 abstulit.
579 2264 681 2338 Nam,
707 2273 743 2324 ut
768 2259 929 2324 Asconius
958 2263 1087 2338 scribit,
1119 2277 1187 2328 arte
1214 2265 1383 2332 Ciceronis

59 2356 93 2419 ita
112 2369 157 2421 est
178 2356 336 2441 fatigatus
363 2355 575 2431 Hortensius,
609 2366 642 2418 ut
669 2357 762 2429 nihil,
793 2365 905 2417 contra
933 2358 1019 2435 quod
1045 2356 1184 2436 diceret,
1208 2360 1380 2426 inveniret.

61 2452 165 2535 ltaque
187 2450 308 2529 nobis,
329 2449 371 2511 ait
388 2448 508 2513 Cicero
530 2450 561 2511 in
578 2452 720 2515 Oratore
744 2470 816 2531 cap.
838 2448 913 2521 37„
934 2468 999 2529 pro
1009 2448 1195 2526 familiari
1212 2474 1271 2517 reo
1289 2476 1382 2520 sum·

66 2552 268 2609 nnsorator
290 2565 358 2607 non
384 2543 555 2624 respondit
579 2543 795 2607 Hortensius.
836 2538 972 2605 Dicendi
1004 2538 1086 2602 enim
1111 2540 1296 2609 facultatem
1323 2546 1382 2612 Ci-

67 2652 129 2697 cera
148 2634 330 2698 Hortensio
357 2634 473 2696 nullam
498 2632 585 2697 dedit
610 2633 696 2697 nihil.
710 2633 779 2717 ipse
804 2635 956 2711 dicendo,
979 2632 1022 2697 ait
1042 2635 1224 2714 Asconius;
1248 2652 1280 2705 et
1300 2641 1382 2706 Plu·

65 2726 191 2805 tuclus,
223 2727 344 2794 τοῦτον
369 2721 449 2793 εἷλεν
475 2722 534 2793 οὐκ
564 2722 677 2806 εἰπὼν,
700 2725 769 2794 ἀλλ’
802 2730 834 2810 ἐξ
862 2725 966 2799 αὐτοῦ
992 2725 1117 2814 τρόπον
1145 2730 1220 2802 τινὰ
1245 2735 1306 2801 τοῦ
1336 2732 1383 2822 μὴ

61 2815 158 2886 uineis·
180 2820 239 2884 ubi
267 2818 435 2905 aliquando
462 2822 496 2902 ἐξ
526 2816 629 2886 αὐτοῦ
654 2833 842 2905 corruptum
868 2845 937 2889 esse
967 2835 1062 2913 atquc
1089 2848 1217 2910 proco
1248 2827 1382 2918 ἐξευρὼν

43 2916 247 2989 ‚ammonius
270 2915 336 3001 legi
361 2936 457 2998 posse
478 2913 602 2998 putavi.
655 2917 718 2978 Sed
734 2917 896 2984 Adrianus
915 2922 1084 2983 Turnebus
1108 2921 1219 2998 (cuius
1243 2944 1378 3003 nomen,

59 3020 88 3071 u
111 3008 255 3096 magistri
282 3012 320 3071 dc
348 3031 397 3072 me
426 3008 546 3092 optime
583 3008 706 3086 meriti,
742 3011 816 3077 milii
842 3012 1090 3097 nunquamnisi
1122 3014 1258 3080 honoris
1283 3039 1378 3081 causa

57 3107 264 3188 amrpaudum
297 3105 365 3183 cst)
391 3103 674 3186 anno'supcriore
693 3105 806 3171 litteris
835 3106 1051 3191 significavit,
1085 3105 1211 3196 τρόπον
1242 3108 1317 3177 τινὰ
1347 3114 1382 3194 ἐξ
1488 3183 1497 3187 ἢ

56 3194 150 3265 circi
170 3199 231 3265 roi
246 3195 293 3285 μὴ
313 3195 429 3277 sinsin,
451 3218 522 3262 esse
539 3198 692 3282 quodum
717 3201 820 3283 inodo
845 3201 1009 3267 abdicata
1034 3201 1243 3285 eloquentia.
1286 3206 1380 3270 Haec

52 3293 144 3375 prima
167 3292 272 3369 actio,
297 3291 387 3355 cuius
407 3291 496 3377 qumi
512 3288 712 3375 prooemium
730 3303 851 3357 tanturn
866 3293 981 3357 litteris
1000 3290 1179 3358 mandatuin
1202 3308 1269 3375 cst,
1294 3322 1376 3384 quae

54 3387 185 3450 Ver-rina
209 3391 346 3450 secunda
363 3397 562 3461 numeratur,
587 3406 704 3449 novem
723 3385 833 3450 diebus
857 3398 1013 3450 transacta
1036 3400 1084 3452 est
1106 3390 1260 3469 (Verrina
1281 3395 1378 3459 tertia

51 3503 77 3545 e.
92 3481 182 3563 to.);
206 3501 308 3564 eaque
331 3480 456 3543 Verres
481 3477 650 3543 convietus
667 3500 723 3542 sua
742 3492 857 3562 sponte
879 3480 910 3544 in
928 3481 1073 3547 exsilium
1094 3484 1229 3548 decessit
1250 3489 1378 3567 (Asco-

50 3574 150 3655 ἠὼ
181 3574 216 3638 in
241 3594 307 3660 quo
335 3571 452 3637 exsilio
480 3570 569 3636 illum
596 3575 818 3651 consenuisse,
849 3577 993 3640 doneca
1021 3575 1195 3641 triumviris
1222 3592 1297 3661 post
1321 3582 1379 3647 Ci-

54 3669 178 3734 teronis'
197 3680 335 3733 mortem
366 3667 568 3752 proscriptus
594 3666 708 3750 periit,
733 3679 847 3732 arrctor
869 3680 917 3732 cst
943 3671 1132 3735 Lactantius
1153 3670 1212 3736 lib.
1233 3675 1281 3738 11.
1303 3697 1376 3758 cap.

56 3760 83 3838 l,
102 3762 159 3829 δὲ.
185 3772 221 3827 et
243 3765 365 3827 Seneca
392 3762 426 3826 in
453 3759 618 3825 Suasoriis
639 3763 714 3827 libr.
742 3764 780 3838 1,
815 3763 875 3827 6.¹
919 3764 1144 3848 Proscriptum
1174 3767 1314 3832 Verrem
1337 3771 1377 3832 ab
1436 3846 1442 3855 ,

1 3891 3 3913 ι
56 3857 191 3924 monio
226 3858 340 3933 tradit,
365 3860 454 3943 quod
489 3855 667 3921 Corinthiis
700 3879 734 3920 se
761 3856 790 3920 ei
822 3879 987 3922 cessurum
1018 3859 1220 3944 negavisset,
1255 3860 1379 3927 Plinius

1 4007 2 4012 ,
53 3950 99 4019 ὓ.
118 3954 297 4019 mlv.
324 3974 397 4037 cap,
425 3953 458 4016 2.
503 3951 655 4037 Reliquas
686 3950 842 4014 Verrinas
872 3952 1012 4039 quinque
1042 3954 1160 4019 Cicero
1191 3955 1377 4021 condixit:

1 4075 3 4082 ’
52 4050 117 4125 et,
141 4068 219 4114 eum
247 4049 346 4113 vellet
371 4069 495 4114 omnem
518 4046 582 4108 vim
606 4055 638 4108 et
666 4043 821 4109 rationem
848 4047 1017 4110 accusandi
1040 4047 1071 4111 in
1100 4069 1163 4113 nno
1186 4068 1245 4113 reo
1272 4060 1379 4112 osten·

53 4140 137 4225 len,
169 4142 315 4230 quinque
337 4145 399 4208 hos
417 4142 520 4206 libros
547 4138 633 4205 dorni
649 4137 788 4220 scriptos
816 4141 929 4216 edidit3
963 4162 1045 4224 quos
1075 4164 1138 4224 pro
1166 4141 1289 4206 ratione
1316 4140 1399 4215 cri-A

1 4266 3 4272 ’
54 4236 160 4302 mrem
186 4237 336 4301 dividens
359 4247 431 4299 ante
454 4235 532 4298 actis
554 4255 650 4298 unum
666 4230 772 4308 dedit,
795 4233 918 4299 crimini
941 4239 1188 4319 repetundarum
1212 4247 1377 4320 quattuor,

1 4359 2 4364 ¹
56 4350 141 4395 nanu
162 4335 206 4397 de
228 4332 300 4395 iure
322 4329 480 4405 dicundo,
505 4330 704 4392 alterum'de
735 4348 771 4390 re
793 4328 1019 4407 frumentaria,
1043 4330 1171 4394 tertium
1194 4333 1233 4393 dc
1258 4329 1382 4413 signis,

58 4438 196 4507 parrum
225 4428 267 4490 de
296 4423 479 4509 strppliciis3
514 4420 688 4488 Asconius.
741 4423 787 4486 Hi
819 4435 891 4486 sum
921 4422 1061 4509 qrrinquc
1094 4433 1207 4489 contra
1240 4425 1382 4487 Verrem

61 4520 216 4586 mundae
243 4520 395 4583 actionis
416 4516 510 4593 libri,
549 4520 588 4580 de
615 4516 731 4599 quibus
760 4518 880 4582 Fabius
902 4518 957 4581 lib.
980 4519 1046 4582 XI.
1078 4540 1150 4601 cap.
1179 4521 1211 4583 2.
1235 4521 1320 4581 med.
1350 4527 1382 4579 et

64 4606 176 4676 taetus
198 4611 232 4675 in
260 4610 392 4696 dialogo
420 4613 459 4675 de
483 4612 677 4676 Oratoribus
703 4634 775 4696 cap.
806 4614 860 4687 20.
911 4612 1015 4676 Etiam
1041 4610 1162 4679 Cicero
1182 4612 1215 4675 in
1239 4613 1381 4678 Oratore

92 4774 115 4833 t)
136 4772 167 4827 P.
189 4776 242 4831 dl·
263 4767 320 4828 Ed·
344 4769 481 4824 Gronorli
508 4771 591 4827 1672.
609 4797 647 4811 -
668 4769 827 4821 Ciceronem
849 4772 999 4817 exoratum
1023 4782 1043 4815 a
1073 4764 1193 4819 Vatinia
1221 4761 1253 4815 0.
1281 4774 1385 4831 qnoqrre

61 4839 134 4898 Verri
151 4847 300 4921 adjutam.
341 4842 416 4900 lbld.
445 4861 507 4920 pag.
528 4847 575 4905 56.
600 4872 637 4887 -
661 4843 788 4896 Humilia
822 4846 852 4894 in
882 4839 1075 4894 adulationem
1099 4838 1188 4892 verba
1216 4830 1385 4888 submittes?

59 4915 149 4981 Peirai
168 4926 205 4985 V
201 4939 306 4980 errem
327 4938 453 4996 qnoque,
471 4925 539 4995 qraia
550 4925 730 4993 proscriptus
739 4918 858 4991 fartim
876 4920 973 4989 periit.
