3322 5578
583 307 824 373 HISTORIA.
1329 315 1369 379 73

64 451 183 524 unitim
196 449 279 515 inter
295 449 497 537 magistratus
514 430 712 523 nominatur,
736 470 829 534 quem
846 451 1040 517 Marcellino
1058 463 1089 517 et
1104 452 1259 539 Psitippo
1280 476 1368 520 coss.

68 550 122 615 trib.
138 548 183 631 pl.
203 545 303 610 luisse
329 566 434 627 supra·
452 543 616 631 diximus.¹
660 542 763 626 Igitur
786 547 924 621 Balbus,
958 569 1028 613 cunt
1057 561 1139 611 esset
1165 550 1307 613 Gadibus
1337 549 1369 613 in
1486 623 1491 627 ,

65 645 192 726 Hispania
219 653 310 703 natus
345 660 381 701 ae
412 639 499 702 bello
529 636 715 700 Sertoriano
741 639 987 721 imperatoribus
1010 642 1163 707 Romanis
1190 645 1364 726 probatus,

63 739 130 802 bebo
156 736 304 799 coniecto
333 756 348 795 a
379 732 443 797 Cu.
470 733 627 813 Pompeio
652 732 779 794 civitate
802 736 946 799 Romana
973 737 1107 799 donatus
1131 748 1180 809 ct,
1211 738 1285 822 quia
1310 754 1369 819 per

60 836 93 896 1..
108 830 374 915 Cornelium-boc
394 826 579 890 beneficium
600 838 790 891 consecutus
811 826 892 903 fuit,
918 830 960 892 L.
980 827 1150 892 Cornelius
1168 830 1288 893 Balbus
1308 852 1370 895 vo-

60 937 130 989 citas
156 935 216 989 est.
272 922 393 988 Inimici
418 932 449 984 ct
471 916 618 985 Caesaris
644 932 675 982 et
696 921 843 1003 Pompeii
872 937 1090 987 accusatorem
1121 936 1365 1007 compararunt,

59 1018 211 1103 thtatso
233 1018 300 1081 boc
320 1027 466 1097 tempore
487 1012 623 1077 civitatis
646 1016 900 1079 controversiam
925 1016 1043 1091 movit,
1068 1038 1187 1099 negans
1207 1038 1277 1081 eum
1298 1017 1367 1081 iure

59 1124 180 1177 streete
200 1111 331 1175 civitate
354 1113 523 1181 donatum,
555 1129 626 1170 cum
655 1131 696 1172 ex
720 1107 889 1172 foederato
915 1108 1054 1190 populo,
1089 1109 1213 1193 quo-iu
1235 1131 1367 1175 numero
1477 1176 1481 1187 ,

58 1207 210 1273 Gaditanus
226 1217 315 1281 erat,
338 1226 431 1268 nemo
451 1213 579 1285 posset,
604 1202 661 1265 uisi
677 1202 704 1265 is
718 1203 857 1284 populus
875 1203 978 1265 lacttts
999 1215 1082 1266 esset
1100 1203 1234 1280 fundus,
1257 1205 1365 1281 idest,

57 1312 151 1363 auctor
177 1298 399 1383 obstringendi
428 1319 462 1361 se
491 1298 559 1360 iure
587 1295 703 1359 civium
727 1297 964 1374 Romanorum,
999 1296 1029 1359 in
1058 1297 1216 1362 civitatem
1246 1297 1368 1365 venire.

56 1396 258 1460 Defenderunt
285 1394 421 1469 Balbum
450 1392 500 1454 Μ.
526 1390 680 1464 Crassus,
714 1391 777 1457 Cn.
801 1386 976 1475 Pompeius
1005 1383 1037 1455 ct
1062 1394 1116 1457 M.
1140 1393 1271 1463 Cicero.
1316 1395 1389 1458 De.
1463 1406 1476 1425 '

56 1487 227 1562 Planciana,
259 1508 342 1571 quac
362 1506 422 1549 suo
444 1487 518 1550 Ioco
541 1506 604 1549 uon
627 1484 765 1569 legitur,
797 1485 935 1548 dicemus
957 1485 1054 1549 infra.
1100 1488 1196 1549 Nunc
1220 1488 1258 1549 de
1281 1485 1368 1551 Cae·

54 1583 118 1646 liaaa
145 1583 326 1647 dicendum.
369 1582 445 1645 Hoc
475 1601 556 1644 anuo
580 1577 769 1642 Ciceronem
797 1601 858 1662 pro
883 1580 936 1645 Μ.
957 1579 1069 1646 Caelio
1096 1582 1180 1663 apud
1206 1579 1268 1644 Cn.
1293 1581 1366 1644 Do·

54 1674 153 1740 uitium
174 1687 361 1761 praetorem
385 1673 501 1737 dixisse
518 1672 682 1737 Corradus
704 1673 826 1751 scribit.
863 1673 1029 1738 Manutius
1050 1695 1122 1737 cum
1144 1673 1174 1737 in
1193 1672 1366 1739 Commen-

53 1770 118 1832 tario
136 1770 167 1833 iu
188 1771 359 1852 epistolam
383 1766 522 1851 quintam
544 1766 617 1829 libri
639 1766 769 1830 sccttudi
797 1771 836 1829 ad
858 1768 901 1849 Q.
924 1768 1069 1831 Fratrem
1098 1767 1274 1832 orationem
1302 1790 1364 1850 pro

52 1860 143 1930 Caelio
164 1863 306 1927 habitam
327 1861 520 1926 Marcellino
541 1874 572 1924 et
594 1860 746 1942 Philippo
767 1882 854 1924 coss.
876 1862 1075 1943 scripsisset,
1107 1874 1273 1943 exponens
1311 1864 1366 1927 de·
1428 1936 1433 1951 p

52 1955 108 2019 inde
127 1957 295 2040 epistolam
320 1952 539 2019 duodecimam
559 1953 697 2019 ciusdem
721 1954 811 2030 iibri,
843 1956 924 2031 diem
945 1956 991 2018 illi
1013 1957 1046 2019 iu
1068 1954 1228 2019 biennium
1252 1956 1365 2038 prodi·
1434 2028 1437 2033 ἕ

52 2050 190 2135 citatque
213 2053 259 2114 1..
283 2049 428 2113 Domitio
451 2060 483 2111 et
501 2046 613 2128 Appio
632 2047 769 2113 Claudio
793 2069 877 2112 coss.
902 2047 1044 2113 Caelium
1067 2050 1105 2112 de
1130 2048 1163 2112 vi
1185 2063 1364 2113 accusatum
1388 2086 1392 2093 <

53 2145 251 2209 etdelcrsum
278 2165 295 2207 a
320 2144 374 2207 M.
396 2142 617 2206 'stillio‘iaeit
663 2145 729 2207 Res
751 2154 799 2206 est
822 2165 886 2207 uon
910 2143 1009 2217 levis,
1042 2157 1178 2227 qttaeet
1203 2145 1282 2208 tacti
1303 2145 1364 2209 viri

53 2236 166 2301 animum
190 2239 226 2301 iu
248 2237 419 2300 scribendo
441 2235 624 2299 distraxerit
651 2249 683 2299 et
708 2236 780 2315 aliis
807 2237 974 2319 ancipitem
1002 2259 1111 2301 curam
1134 2238 1297 2323 cogitandi
1320 2240 1367 2303 ai·

51 2332 119 2395 ltrre
150 2331 269 2414 possit.
327 2330 454 2410 Quare,
492 2352 530 2392 au
568 2330 647 2393 certi
684 2331 762 2415 qttid
794 2352 907 2394 eruere
940 2352 1108 2413 queamus,
1146 2333 1363 2415 experiamur·

52 2425 262 2505 Quaestionem
281 2425 364 2491 illam
382 2424 425 2489 C.
442 2424 614 2488 Domitium
634 2424 815 2488 exercuisse
834 2425 901 2507 ipsa
922 2423 1026 2488 oratio
1046 2427 1255 2489 demonstrat.
1289 2425 1366 2499 Fuit

52 2530 135 2582 autem
162 2521 230 2586 Cn.
259 2518 419 2583 Domitius
449 2530 579 2598 praetor
607 2520 669 2582 hoc
701 2541 801 2594 auno,
837 2520 921 2599 apud
949 2538 1042 2603 quem
1073 2516 1263 2584 Ciceronem
1299 2539 1362 2599 pro

52 2613 139 2677 Bestia
158 2614 279 2676 dixisse
301 2611 519 2676 indicarimus.
557 2611 631 2675 Fuit
653 2635 781 2696 utroque
804 2614 882 2675 alius
897 2611 1058 2698 Domitius
1081 2605 1214 2695 praetor
1234 2611 1364 2676 biennio

51 2717 124 2787 post,
158 2711 246 2790 apud
267 2728 360 2790 qttem
382 2704 510 2769 Caclius
533 2726 657 2769 causam
686 2706 792 2771 dicere
807 2708 969 2780 debebam
1006 2726 1058 2787 ep.
1085 2706 1147 2769 13.Ι
1165 2705 1223 2770 lib.
1246 2706 1293 2772 II.
1325 2707 1365 2771 ad

52 2800 193 2865 Fratrem.
241 2797 311 2863 Cur
339 2809 441 2860 autem
466 2797 607 2861 Caelium
636 2801 706 2883 lege
730 2800 855 2863 Lutatia
887 2802 925 2863 de
955 2801 986 2863 vi
1017 2818 1104 2862 reum
1133 2801 1251 2863 laeuum
1276 2802 1361 2881 apud

7 2926 9 2943 ›
51 2892 227 2970 Domitium,
257 2891 511 2978 quibusoam,
542 2914 607 2979 uon
627 2897 709 2976 apud
733 2916 822 2971 euru,
853 2893 910 2977 qui
932 2893 1059 2958 biennio
1083 2907 1156 2978 post
1178 2905 1361 2976 praeturam

51 2988 148 3071 gessit,
175 2999 305 3071 putem,
336 2987 389 3049 illa
420 3009 467 3048 me
498 3009 591 3051 causa
620 2990 753 3052 maxime
778 3000 903 3063 movet,
938 2991 1023 3072 quod
1051 2990 1103 3051 M.
1132 2987 1269 3053 Crassus
1301 3008 1364 3051 uua

51 3102 108 3144 cum
128 3082 240 3146 Tullio
261 3080 406 3147 Cartima
429 3082 581 3146 defendit.
626 3084 706 3146 Nam
732 3083 936 3164 interpretum
959 3080 1096 3165 inscitia,
1126 3083 1181 3167 qni
1208 3081 1362 3147 Crassum

52 3173 137 3242 Caelii
164 3189 386 3240 accusatorem
413 3174 552 3250 iaciunt,
584 3175 713 3240 ridenda
742 3178 793 3239 vel
822 3177 994 3240 miseranda
1025 3179 1132 3259 potius
1160 3199 1255 3259 qrtam
1274 3176 1363 3239 refu·

52 3272 139 3333 tuda.
183 3270 316 3338 Cassius
346 3292 444 3346 vero,
477 3292 546 3332 cum
575 3292 657 3333 anuo
686 3271 862 3354 insequenti
892 3271 1004 3334 consul
1034 3271 1201 3350 paludatus
1235 3269 1360 3344 exierit,

52 3363 147 3445 Appio
172 3376 202 3429 et
217 3364 361 3429 Domitio
380 3385 464 3428 coss.
490 3385 528 3427 ne
543 3365 666 3428 Romae
689 3366 813 3450 quidem
835 3366 914 3439 luit,
941 3367 1053 3428 nedum
1073 3363 1245 3429 causasibi
1266 3384 1361 3427 orare
1442 3442 1447 3449 .

52 3457 151 3535 potuit.
193 3459 270 3521 Huc
290 3459 425 3531 accedit,
457 3461 544 3541 quod
565 3460 799 3545 Alexandrinae
820 3459 991 3545 legationis
1014 3459 1165 3541 princeps
1185 3457 1251 3522 Dio
1274 3459 1363 3522 Aca·

52 3551 192 3627 demicus,
223 3554 313 3617 cuins
337 3554 543 3617 interficiendi
575 3575 664 3617 causa
693 3552 834 3619 Caelium
865 3574 973 3615 aurum
1002 3574 1018 3614 a
1046 3552 1160 3617 Clodia
1187 3550 1363 3634 snrmpsisss

52 3646 208 3709 adversarii
239 3649 433 3729 arguebant,
468 3668 551 3711 anuo
585 3647 753 3728 superiore
784 3648 882 3711 suerit
913 3646 1061 3720 occisus,
1096 3656 1227 3710 auctore
1255 3644 1362 3708 Dione

52 3736 96 3801 b.
114 3740 284 3805 xxxtx.
309 3742 361 3803 tt.
385 3753 417 3803 ct
439 3743 597 3804 Strabone
619 3742 650 3804 in
671 3742 811 3816 XVII,
848 3762 906 3803 nec
927 3741 1117 3802 verisimile
1139 3741 1179 3802 sit
1199 3751 1365 3802 aceruato-

52 3852 107 3895 rem
126 3834 216 3897 buius
236 3836 338 3897 caedis
361 3835 478 3897 crimen
502 3845 534 3898 et
558 3836 788 3900 accusationem
814 3838 844 3898 in
867 3855 966 3898 anuos
988 3836 1098 3915 plnres
1121 3835 1292 3917 distulisse.
1327 3832 1361 3896 Si

53 3924 110 4005 quis
128 3927 254 3991 obiiciet
278 3927 340 3993 Cu.
358 3928 535 3993 Domitium
558 3928 649 3992 huius
661 3929 741 3995 ,anni
762 3940 944 4011 praetorem
964 3931 1003 3991 de
1020 3928 1138 3992 ambitu
1153 3926 1358 4013 quaesivisse,

53 4017 177 4085 Caelium
208 4026 247 4085 de
275 4023 305 4086 vi
334 4033 514 4084 acestsatum
540 4022 655 4099 fuisse,
687 4024 731 4099 is,
761 4025 788 4086 si
815 4022 1002 4106 probaverit
1026 4022 1169 4107 singulos
1191 4031 1362 4104 praetores

54 4119 253 4180 tantummodo
268 4115 320 4178 uui
335 4115 514 4200 qrtaestioui
533 4117 724 4197 praefuisse,
749 4139 894 4202 magnum
911 4116 1039 4181 feccrit:
1079 4119 1149 4180 Nee
1169 4127 1358 4188 memoret,

53 4209 127 4286 qaod
140 4208 265 4274 Caelius
280 4207 393 4291 Appio
412 4221 444 4272 et
463 4208 608 4273 Domitio
631 4232 716 4274 coss.
737 4232 810 4274 reus
824 4192 1021 4275 inventuri.'
1035 4210 1120 4291 Quid
1138 4209 1218 4271 euim
1239 4202 1358 4297 obstat,
1414 4282 1416 4297 ,

53 4320 171 4380 quaeso,
202 4302 390 4386 quominus
411 4305 644 4386 bocstempore
666 4306 830 4369 absolutus
857 4328 874 4370 a
904 4317 997 4391 geute
1017 4303 1133 4370 Clodia
1156 4303 1185 4364 in
1209 4300 1360 4366 iudicium

54 4395 154 4458 remisi
169 4396 337 4480 potuerit?
380 4397 477 4478 Quod
496 4400 652 4463 Latomus
673 4411 782 4482 putat,
808 4403 887 4463 hauc
908 4401 1084 4465 orationem
1105 4395 1215 4479 Appio
1238 4405 1270 4459 et
1289 4397 1359 4459 Do-

55 4485 222 4555 uitiorum.
242 4490 318 4555 ideo
339 4493 488 4569 habitam,
509 4494 597 4578 quod
617 4491 680 4569 Cu.
696 4493 874 4570 Domitius,
899 4492 952 4577 qni
974 4503 1048 4575 post
1067 4490 1140 4554 illos
1158 4490 1269 4553 consul
1287 4488 1358 4563 Iuit,

82 4645 261 4731 spicimir
281 4663 321 4700 est
343 4662 367 4700 a.
386 4666 414 4701 u.
433 4663 458 4700 c.
479 4650 560 4707 698.;
590 4648 623 4700 dc
644 4665 766 4721 tempore
787 4653 861 4702 enlm
881 4649 1051 4719 Hieronymo
1073 4648 1230 4718 ttagazonto
1258 4659 1355 4698 contra

54 4706 255 4775 ludibrium
276 4726 427 4783 assentior:
455 4736 519 4776 narrt
540 4723 611 4796 qnod
633 4724 663 4781 L.
684 4723 799 4790 Itaellii,
827 4727 873 4796 qui
894 4738 918 4777 a.
938 4726 1001 4783 697.
1024 4720 1088 4775 trib.
1109 4722 1145 4795 pl.
1167 4720 1219 4775 Intt
1248 4726 1292 4788 (v.
1313 4721 1358 4772 Pi-

58 4784 137 4858 tilant
153 4801 177 4854 3.
195 4817 221 4870 p.
242 4802 339 4865 532),
360 4798 413 4851 hac
432 4817 475 4872 ep.
495 4801 568 4853 inter
587 4804 764 4871 magistratus
783 4797 953 4865 menticfir,
974 4813 1049 4872 patet
1069 4814 1225 4850 sermonem
1245 4811 1304 4850 esse
1324 4791 1357 4847 de

58 4862 127 4920 reios
142 4874 320 4943 praeterttla.”
358 4873 618 4949 Marmei-Lagona
637 4878 707 4949 Epp.
730 4879 788 4932 cu.
814 4894 840 4947 p.
862 4879 909 4932 18.
980 4938 986 4947 ,
