3322 5578
549 375 793 441 HISTORIA.

160 550 256 614 Anno
274 545 376 611 Urbis
392 548 584 612 DGLXXI.
604 545 779 611 Ciceronis
795 549 911 612 XXV.
929 568 1018 611 coss.
1025 545 1187 638 suerunt

119 693 156 767 C.
180 690 370 767 MARIUS
397 690 440 765 C.
469 691 533 787 Β,
581 689 659 764 CN.
688 689 927 768 PAPIRIUS
962 691 1128 769 CARBO
1162 694 1231 768 Ill.

105 851 214 931 Horam
231 846 396 911 consitium
413 846 529 910 mentio
544 858 593 910 est
605 847 894 933 spndCiceronem
905 861 1014 913 contra
1029 850 1159 935 Rullum
1173 863 1256 914 orat.
1267 853 1332 918 tlt.

45 968 95 1027 cap.
110 945 137 1006 2.
173 942 247 1005 Hoc
270 962 372 1016 anuo,
394 962 502 1004 crima
528 941 684 1004 Marianis
702 944 790 1006 Urbs
810 941 976 1007 etiamnum
1000 955 1177 1019 teneretur,
1204 946 1246 1008 L.
1266 947 1334 1011 Da·

45 1038 179 1121 crippus,
202 1048 356 1118 praetor,
381 1058 421 1098 ex
439 1037 604 1099 voluntate
624 1035 665 1101 C.
679 1035 795 1110 Marii,
820 1034 978 1112 consulis,
1003 1058 1074 1100 cum
1097 1050 1240 1101 senatum
1258 1061 1336 1104 corr-

44 1133 172 1204 tuxisset,
200 1152 345 1206 omnem,
374 1151 456 1213 quac
484 1129 515 1192 in
536 1129 625 1193 Urbe
652 1142 740 1203 erat,
770 1128 969 1192 nobilitatem
1000 1130 1191 1194 trucidavit:
1220 1131 1335 1197 Livius

44 1225 274 1291 tutxXttVI.
321 1227 350 1288 T
354 1247 414 1287 nnc
436 1225 621 1288 interiectus
640 1224 701 1288 init
720 1223 762 1288 C.
782 1223 893 1288 Carbo
910 1225 1051 1288 consulis
1067 1225 1186 1300 frater,
1211 1228 1251 1290 de
1269 1249 1335 1311 quo

47 1321 96 1387 Cic.
107 1320 186 1402 epist.
204 1320 258 1382 21.
278 1319 336 1381 lib.
355 1321 421 1384 IX.
439 1323 477 1381 ad
497 1318 612 1382 Famil.
658 1318 760 1383 Periit
779 1329 842 1379 tum
861 1339 990 1402 qnoque
1008 1321 1049 1383 Ρ.
1070 1319 1246 1396 Antistius,
1271 1321 1335 1386 Cn.

47 1412 154 1495 Ponpeii
169 1433 276 1487 socer,
298 1415 336 1475 de
353 1434 418 1497 qno
432 1411 551 1493 Cicero
572 1412 601 1475 in
615 1415 719 1478 Bruto
739 1434 808 1493 cap.
827 1412 895 1486 lu,
912 1424 943 1474 et
957 1412 999 1492 Q.
1013 1415 1170 1477 Scaevola
1185 1415 1334 1497 pontifex

52 1507 176 1580 cannas,
204 1528 302 1590 quem
324 1505 433 1569 Livius
455 1507 509 1570 lib.
531 1508 727 1571 LXXXVI.
749 1506 860 1569 scribit
880 1505 1087 1570 investibulo
1111 1508 1195 1571 aedis
1215 1511 1336 1574 Vestae

54 1599 267 1664 ocdsnniuisse.
295 1599 381 1663 Hinc
397 1599 542 1663 Cie.dib.
561 1601 626 1664 tlt.
642 1623 713 1684 cap.
735 1600 788 1663 32.
806 1604 846 1663 dc
865 1601 988 1665 Natura
1001 1602 1165 1666 Deorum:
1192 1607 1336 1686 Tempe·

54 1696 144 1759 antiae
159 1695 434 1779 prudentiaeque
454 1695 640 1776 specimen,
672 1707 752 1758 ante
778 1695 1002 1759 simulacrum
1022 1699 1147 1762 Vestae
1166 1694 1336 1784 pontifex

50 1801 175 1851 ineest
196 1794 239 1872 Q.
270 1791 436 1853 Scaevola
462 1789 675 1862 trucidatus,-
705 1789 843 1851 meminit
872 1789 1010 1852 eiusdem
1035 1789 1091 1853 lib.
1112 1791 1179 1854 lll.
1206 1812 1278 1874 cap.
1299 1792 1331 1855 s.
1386 1838 1390 1848 .

49 1884 160 1949 le0rat.
200 1886 348 1946 'l'andem
373 1883 478 1957 Sulla,
510 1884 585 1946 friso
607 1882 766 1948 Carbonis
788 1883 949 1958 exercitu,
977 1883 1009 1946 in
1031 1885 1152 1949 Urbem
1172 1886 1258 1949 venit
1280 1906 1337 1949 eo·

48 1990 226 2061 qutcmpore
252 1977 325 2040 eins
350 1977 491 2041 immanis
514 1976 683 2040 crudelitas
713 1977 743 2039 in
776 1975 863 2039 cives
893 1975 1031 2053 exstitit,
1064 1980 1104 2042 de
1134 2000 1195 2062 qua
1219 1978 1337 2045 Cicero
1409 2010 1412 2019 ¹

48 2072 86 2133 lib.
100 2072 137 2135 ll.
151 2094 217 2154 cap.
234 2074 267 2136 8.
294 2073 333 2133 dc
352 2070 492 2147 Officiis,
517 2084 548 2134 et
568 2071 705 2135 Orosius
723 2070 777 2135 lib.
795 2072 840 2134 V.
856 2091 928 2153 cap.
948 2073 1001 2135 21.
1044 2074 1127 2135 Tum
1152 2072 1214 2138 Cn.
1236 2075 1338 2138 Pom·

48 2163 124 2245 puna,
145 2165 172 2229 in
190 2165 335 2229 Siciliam
366 2188 436 2229 etim
461 2164 596 2247 imperio
622 2187 638 2227 a
663 2177 773 2229 senatu
798 2163 930 2239 missus,
966 2164 1149 2230 Carbonem
1174 2169 1336 2232 consulem

48 2270 136 2341 apen
159 2259 338 2335 interiecit,
368 2258 482 2323 Livius
510 2259 567 2323 lib.
595 2260 813 2338 Lxxxtx„
841 2259 1035 2322 Plutarchus
1061 2259 1092 2322 in
1115 2261 1276 2343 Pompeio
1304 2274 1336 2325 et

50 2353 97 2427 elii:
112 2357 142 2417 de
156 2378 214 2440 qno
227 2355 355 2421 Cicero
377 2354 472 2437 epist.
487 2354 540 2417 21.
562 2355 619 2418 lib.
633 2355 696 2419 lX.
716 2356 755 2416 ad
767 2354 855 2419 Fam.
889 2357 964 2418 Hoc
983 2375 1082 2428 vero,
1107 2355 1166 2439 qni
1178 2355 1338 2443 Lilybaei

51 2451 213 2532 clompeio
242 2462 369 2513 nostro
392 2460 443 2512 est
478 2446 703 2538 interfectus,
746 2448 937 2530 improbior
966 2468 1067 2512 nemo
1099 2471 1176 2512 meo
1207 2449 1338 2513 iudicio

49 2539 115 2629 fiat:
129 2555 209 2627 atque
226 2545 271 2608 ita
294 2544 468 2625 Pompeius
486 2541 747 2606 Sicilismnnnltis
768 2541 905 2624 undique
924 2541 1058 2605 cinctam
1078 2541 1246 2625 periculis,
1272 2565 1350 2627 non*

57 2646 138 2699 tenore
154 2638 241 2713 belli,
278 2638 335 2699 sed
358 2634 519 2699 celeritate
543 2634 689 2708 consilii,
724 2635 913 2717 explicavit:
949 2634 1067 2701 Cicero
1093 2635 1124 2699 in
1149 2636 1336 2713 Maniliana,

54 2748 100 2810 up.
112 2734 149 2797 11.
185 2734 315 2797 Eodem
336 2742 482 2811 tempore
499 2732 544 2793 1..
557 2728 868 2807 Licininslllnrena,
893 2741 984 2814 pater
1001 2730 1085 2806 cius,
1110 2752 1203 2815 quiem
1217 2730 1337 2796 Cicero
1374 2773 1378 2779 -

52 2823 163 2903 defendit,
185 2826 311 2890 aSnlla
330 2846 400 2886 cum
420 2826 542 2887 duabus
563 2823 743 2908 legionibus
758 2823 791 2885 in
803 2825 881 2888 Asia
898 2823 1045 2899 relictus,
1069 2826 1187 2888 bellum
1200 2825 1339 2889 Mithri·

50 2916 143 2981 latiam
162 2917 353 2984 renovavit:
386 2921 423 2981 de
449 2941 514 3003 qno
541 2918 709 3001 Appianus
734 2918 765 2982 in
793 2916 1031 2982 Mithridatico.
1089 2920 1229 2984 Murena
1257 2940 1338 2983 vero

49 3008 216 3077 llitbrilatem
246 3012 541 3077 uehementissime
569 3013 897 3097 vigilantissimeque
927 3024 1109 3087 vexatum,
1142 3035 1339 3097 repressum

49 3124 139 3187 mgna
154 3130 197 3170 eac
211 3119 335 3191 parte,
366 3127 434 3170 non
450 3129 656 3190 oppressum
672 3107 826 3192 reliquit,
852 3118 886 3170 ut
909 3105 952 3170 ait
969 3106 1087 3172 Cicero
1109 3130 1170 3191 pro
1195 3109 1337 3172 Murena

49 3214 97 3277 etp.
112 3202 153 3263 tt.
174 3215 202 3265 et
227 3199 317 3264 addit
341 3222 413 3281 cap.
431 3202 462 3265 5.
490 3202 617 3279 filium
641 3202 716 3269 viro
730 3199 943 3292 fortissimo
960 3202 1102 3285 parenti
1122 3223 1188 3265 suo
1210 3223 1337 3286 magno

48 3290 199 3359 adiumento
217 3296 253 3358 in
270 3294 454 3377 perieulis,
479 3297 606 3359 solatio
625 3295 661 3359 ia
679 3294 870 3371 laboribus,
893 3295 1126 3379 gratulationi
1141 3295 1178 3358 in
1194 3296 1340 3361 victoria

41 3378 136 3468 silue
176 3391 346 3453 Lucullum
366 3400 470 3452 etitem
490 3400 678 3473 quaesturae
696 3389 877 3452 diuturnum
895 3401 1039 3471 tempus,
1064 3390 1202 3453 Murena
1218 3391 1338 3454 bellum

50 3475 166 3544 iterio
184 3496 334 3568 gerente,
366 3482 398 3544 in
418 3482 516 3546 Asiae
536 3503 616 3564 pace
635 3482 867 3564 consumpsisse
891 3480 974 3544 idem
999 3482 1030 3546 in
1050 3483 1190 3546 Lucullo
1209 3504 1281 3564 cap.
1305 3487 1337 3548 1.

48 3572 135 3639 scribit.
166 3579 324 3641 Extremo
343 3577 406 3641 boc
424 3597 507 3640 anno
526 3577 612 3639 Sulla
632 3570 753 3650 effecit,
777 3578 818 3638 ab
834 3575 995 3661 interrege
1015 3588 1048 3640 ut
1065 3577 1201 3640 dictator
1219 3579 1342 3640 dicere·

49 3670 93 3740 tn,
109 3670 144 3732 ait
160 3670 279 3736 Cicero
303 3693 355 3754 ep.
374 3673 425 3734 18.
447 3671 503 3734 lib.
523 3671 587 3734 IX.
608 3672 645 3732 sd
668 3671 737 3731 Att.
779 3668 954 3749 Quomodo
973 3670 1006 3732 id
1024 3670 1183 3744 elicuerit,
1206 3669 1341 3752 copiose

52 3756 172 3841 Atrianus
188 3779 219 3830 et
234 3769 428 3831 Plutarchus
447 3765 604 3829 scribunt.
649 3765 800 3827 Interrex
816 3761 877 3824 luit
897 3764 939 3825 L.
955 3762 1106 3825 Valerius
1123 3763 1275 3836 Flaccus,
1299 3766 1339 3824 tle

53 3856 164 3932 tascie.
181 3874 263 3924 orat.
285 3861 350 3925 111.
378 3882 450 3943 cap.
471 3861 503 3923 2.
530 3871 642 3921 contra
665 3856 814 3921 Rullum:
843 3857 1008 3920 Omnium
1029 3859 1146 3940 legum
1163 3855 1339 3941 iniquissi-

51 3966 110 4012 mas
128 3952 454 4039 dissimillimamque
479 3952 567 4036 legis
594 3973 668 4015 esse
695 3949 850 4012 arbitror
883 3970 977 4024 eam,
1008 3972 1112 4035 quam
1135 3954 1177 4013 L.
1198 3951 1340 4012 Flaccus

49 4038 163 4109 interrex
182 4049 223 4111 de
240 4051 339 4113 Sulla
362 4048 458 4120 tulit,
489 4057 528 4133 ut
551 4045 683 4119 osnnia,
712 4063 933 4128 quaecunque
957 4043 1014 4107 ille
1028 4041 1195 4132 fecisset,
1226 4053 1341 4127 essent

48 4146 109 4198 '‘lt-
144 4142 190 4205 De
207 4146 315 4206 eadem
337 4141 410 4224 lege
433 4139 491 4203 lib.
511 4139 541 4202 1.
560 4160 632 4220 cap.
655 4138 709 4200 15.
734 4139 772 4199 de
791 4136 936 4220 legibus:
961 4137 1084 4202 Nilsilo
1101 4135 1205 4199 credo
1223 4134 1340 4218 magis

48 4220 87 4290 lla
100 4232 178 4297 itutc
198 4250 265 4312 est,
293 4257 397 4321 quam
421 4235 581 4298 interrex
601 4243 720 4295 noster
740 4228 837 4303 tulit,
867 4241 906 4292 ut
926 4226 1093 4305 dictator,
1123 4249 1224 4313 quem
1241 4229 1340 4291 vellet

50 4320 148 4411 dipl,
168 4332 298 4394 indicta
312 4349 436 4403 causa,
460 4328 599 4410 impune
613 4326 732 4408 posset
751 4324 919 4388 occidere.
954 4326 1068 4410 ltaque
1085 4325 1173 4391 Sulla
1189 4322 1340 4401 dictator,

53 4413 148 4493 ulum
161 4426 224 4488 sine
243 4424 341 4487 dnbio
359 4420 469 4486 babuit
485 4421 626 4504 regalem
644 4429 851 4499 potestatem,
879 4428 913 4480 ut
929 4428 977 4479 est
993 4418 1023 4479 in
1040 4427 1124 4480 orat.
1141 4417 1180 4477 dc
1193 4415 1337 4496 Hei-usp.

53 4522 107 4591 ΜΡ.
129 4536 192 4599 cap.
217 4519 293 4592 25.,
328 4534 455 4590 omnes,
490 4534 573 4598 quos
602 4514 732 4585 oderat,
768 4522 872 4573 morte
904 4511 1076 4572 multabat:
1111 4531 1175 4590 pro
1199 4508 1337 4593 Ligario
1464 4564 1469 4571 .

52 4618 96 4681 fll-
108 4608 133 4670 1.
172 4611 220 4676 De
241 4608 480 4694 proscriptione
500 4608 625 4671 Sullana
647 4604 783 4671 Orosius
805 4616 915 4668 noster
935 4624 1007 4684 cap.
1025 4604 1077 4665 21.
1100 4602 1155 4666 lib.
1174 4603 1220 4665 V.
1265 4601 1340 4665 Etsi

53 4704 209 4768 *ne-satta
227 4707 366 4769 dictator
383 4714 459 4788 post
476 4701 518 4767 C.
532 4700 673 4766 Marium
691 4710 722 4761 et
737 4695 800 4761 Cn.
816 4696 980 4778 Papirium
999 4696 1077 4772 init,
1103 4708 1136 4758 nt
1154 4694 1196 4759 ait
1216 4694 1336 4760 Cicero
1425 4768 1432 4779 Ι

18 4864 20 4887 ,
53 4793 178 4860 mtttt.
197 4822 269 4883 cap.
287 4799 321 4864 2.
345 4808 458 4862 eontra
478 4794 628 4867 Rullum,
653 4790 799 4856 consules
819 4800 922 4852 tamen
942 4790 1044 4851 creari
1064 4787 1219 4871 permisit.

493 4930 879 4950 W
