3322 5578
550 380 793 447 merome.
963 396 967 415 =
1059 346 1064 351 ’
1285 384 1325 447 er
1437 378 1440 383 ’

54 528 131 614 quiex
146 520 311 606 municipiis
328 533 562 597 convenerant,
587 521 766 597 admonitu,
791 543 830 585 ne
848 521 918 607 quis
936 525 974 586 de
994 525 1083 609 eaelo
1100 536 1263 601 servaret,
1287 546 1328 588 ne
1405 564 1407 577 ι

54 616 494 707 qr'snoramrrllamafferre13
517 616 543 679 si
567 614 637 700 quis
657 616 749 678 aliter
769 614 917 692 fecisset,
942 638 1013 679 eum
1033 619 1127 700 plane
1147 639 1331 699 eversorem
1361 640 1367 649 ¹
1435 660 1440 669 -

52 712 222 796 reipublicae
245 710 318 775 lore
340 709 436 794 idque
462 722 602 772 senatum
628 709 813 792 gravissime
839 710 998 786 laturum3
1034 723 1066 774 et
1098 724 1134 774 ut
1163 714 1271 774 statim
1293 715 1331 774 de

50 809 180 871 rustino
198 805 385 869 referretur.
424 803 556 867 Addidit
577 815 704 866 senatus
732 802 825 866 etiam
849 802 946 867 illud:
971 804 1029 867 nisi
1051 805 1160 868 diebus
1179 807 1330 890 quinque,

48 900 131 987 qubus
145 898 192 983 agi
211 901 249 962 de
266 898 425 963 Cicerone
441 897 616 979 potuisset,
641 908 724 959 esset
745 908 868 973 actum,
891 898 1011 961 rediret
1030 899 1062 961 in
1077 900 1214 981 patriam
1231 899 1335 984 digni-

47 1008 92 1058 tate
108 993 180 1058 enni
196 1004 399 1075 recuperata.
443 991 598 1056 Decrevit
619 994 730 1055 codem
749 1002 895 1073 tempore
917 1003 1061 1071 senatus,
1087 1004 1122 1055 ut
1140 994 1193 1070 iis,
1219 996 1273 1078 qui
1292 1015 1334 1057 ex

47 1100 94 1152 teta
106 1087 188 1152 ltalia
205 1087 313 1150 saltatis
331 1088 385 1150 M.
399 1085 499 1148 Trillii
516 1107 608 1149 causa
626 1099 857 1162 convenerant,
882 1092 1058 1171 agerentur
1076 1086 1212 1172 gratiae,
1239 1099 1333 1170 atque

46 1180 167 1257 itidem,
186 1184 224 1245 ad
241 1202 294 1244 res
313 1184 483 1244 redeuntes
504 1191 540 1243 ut
558 1180 716 1256 venirent,
740 1190 954 1264 rogarentur3
977 1202 1040 1263 pro
1056 1182 1161 1246 Sestio
1181 1203 1254 1264 cap.
1268 1181 1333 1256 62,

45 1288 98 1358 pust
111 1278 172 1340 red.
190 1276 222 1339 in
239 1286 349 1338 senatu
372 1295 444 1357 cap.
463 1275 497 1337 9.
515 1284 546 1336 et
565 1275 618 1336 11.
636 1286 668 1336 11
683 1273 714 1336 in
734 1274 887 1338 Pisonem
905 1294 980 1358 cap.
994 1277 1045 1340 15.
1078 1278 1203 1361 Legem
1222 1275 1335 1339 deinde

11 1414 12 1417 =
46 1392 124 1436 ouen
145 1371 340 1455 magistratus
368 1381 499 1452 praeter
525 1368 666 1449 Appium
692 1379 877 1450 praetorem
902 1372 1046 1453 duosque
1073 1368 1335 1453 tribunuspleh.

11 1506 13 1551 t
45 1465 255 1547 Cimmerium
278 1464 396 1527 Rufum
420 1473 451 1525 et
470 1464 548 1524 Sex.
568 1460 700 1524 Atilium
721 1483 762 1522 ex
780 1464 815 1525 S.
839 1462 880 1526 C.
900 1463 1164 1545 promulgarunt3
1186 1465 1219 1528 in
1240 1466 1337 1529 Piso-
1448 1468 1452 1483 '

46 1580 171 1643 usucap.
193 1561 244 1623 15.
292 1557 374 1622 Cum
396 1556 550 1619 ferendae
576 1554 655 1640 legis
683 1555 767 1631 dies,
800 1555 854 1639 qui
881 1555 941 1620 luit
966 1556 1071 1639 pridie
1097 1560 1185 1623 Non.
1208 1560 1338 1637 Sextii,

11 1666 12 1671 ’
46 1655 163 1728 venisset,
191 1664 223 1717 et
245 1652 404 1716 Lentulus
428 1649 540 1714 consul
565 1649 711 1732 idemque
736 1650 820 1713 lator
844 1650 926 1734 legis
952 1650 1079 1714 comitia
1103 1654 1280 1718 centuriata
1305 1654 1337 1717 iu

46 1770 129 1832 caupo
147 1747 269 1812 Martio
287 1747 437 1820 haberet,
460 1745 502 1808 Ρ.
524 1741 659 1806 Clodius
676 1743 780 1826 legem
802 1747 840 1807 dc
860 1762 949 1808 more
968 1746 1131 1820 dissuasit3
1161 1751 1248 1832 quod
1269 1747 1335 1813 Dio

45 1842 105 1906 lihro
118 1841 285 1915 XXXIX,
306 1842 339 1904 8.
366 1839 458 1920 plane
483 1835 595 1900 scribit
619 1847 649 1898 et
668 1834 786 1902 Cicero
808 1860 870 1920 pro
888 1842 984 1903 domo
1004 1861 1076 1922 cap.
1097 1841 1151 1903 33.
1176 1842 1220 1904 ita
1240 1842 1338 1927 signi-

44 1935 109 1999 icet:
127 1933 272 2026 illuserit
285 1931 509 2017 pulchritudo
523 1930 646 2012 populi
659 1933 778 2007 Rom„
803 1930 1021 2023 illusoriae,
1046 1956 1152 2018 quom
1166 1934 1339 2019 inrumpo

45 2028 131 2092 1111111
143 2040 228 2104 tum,
251 2050 330 2091 cum
347 2026 451 2090 etiem
470 2024 533 2088 tibi
553 2036 675 2088 contra
693 2038 835 2089 senatus·
857 2028 1031 2111 totiusque
1047 2030 1172 2094 Italiae
1188 2030 1341 2094 auctori·

45 2134 122 2186 tuem
136 2135 166 2186 et
180 2123 343 2187 smairem.
353 2120 488 2183 dicendi
501 2116 770 2208 potestasfuit;
783 2131 824 2182 <et
841 2120 874 2182 in
894 2122 1036 2185 Sestiana
1055 2145 1127 2206 cap.
1149 2125 1222 2189 50.:
1247 2126 1339 2190 Cedo

46 2236 109 2278 mne
125 2217 273 2280 eiresdem
296 2214 389 2277 illine
414 2212 545 2276 inimici
567 2212 634 2274 mei
658 2213 699 2274 de
721 2235 775 2277 me
805 2215 924 2278 eodem
951 2217 1000 2278 ad
1025 2239 1144 2303 vesum
1170 2222 1342 2301 populum

45 2308 188 2394 inrumpo
208 2310 348 2376 Martio
372 2308 581 2370 concionem.
626 2308 765 2383 Verum,
797 2329 873 2390 eum¹
897 2320 928 2371 et
956 2309 1013 2371 alii
1043 2324 1075 2374 et
1101 2312 1277 2393 Pompeius
1305 2312 1339 2375 in
1426 2372 1428 2379 .

45 2402 125 2483 punis
143 2406 244 2490 legem
271 2404 434 2478 suaderet,
467 2412 501 2462 ut
523 2399 588 2462 Diu
611 2399 741 2473 scribit,
774 2421 896 2464 summo
920 2420 1078 2465 consensu
1102 2403 1241 2466 oninium
1264 2425 1340 2466 ceu·

46 2496 163 2560 tuirrirrn
185 2508 317 2580 accepta
341 2494 420 2571 luit,
452 2514 522 2557 cum
547 2491 662 2555 nemini
686 2491 750 2555 civi
768 2495 852 2571 ulla,
883 2516 948 2578 qrio
966 2494 1068 2558 miuus
1088 2496 1230 2574 adesset,
1259 2497 1342 2562 iusta

47 2591 176 2658 eiunctio
198 2602 286 2655 esset
313 2590 399 2663 risa,
432 2586 524 2651 nullis
548 2586 682 2649 comitiis
711 2608 849 2671 uuquam
872 2588 1043 2653 multitudo
1069 2587 1232 2652 homiuum
1255 2601 1342 2655 tanta

46 2703 119 2767 reque
137 2684 330 2767 splendidior
352 2682 485 2755 inisset3
508 2681 540 2744 iu
562 2681 714 2745 Pisonem
738 2703 809 2763 cap.
832 2682 883 2745 15.
921 2682 1061 2747 Constat
1080 2681 1182 2757 enim,
1207 2694 1241 2746 ut
1258 2684 1343 2747 idem

45 2783 194 2855 modomo
213 2800 274 2843 sua
298 2800 370 2860 cap.
392 2777 444 2839 28.
470 2775 531 2848 ait,
564 2774 658 2838 nullis
686 2797 823 2859 uuquam
854 2775 989 2840 comitiis
1016 2794 1159 2857 campum
1184 2778 1340 2841 Martium

46 2880 107 2935 unta
120 2873 319 2946 celebritate,
343 2883 433 2933 tanto
452 2869 624 2951 splendore
645 2869 746 2933 omnis
767 2871 893 2954 generis
911 2871 1085 2947 hominum,
1110 2882 1261 2947 aetatum,
1287 2892 1341 2936 or-

47 2962 124 3030 dinum
141 2969 300 3032 derisisse.
344 2966 432 3029 Idem
457 2974 504 3027 est
520 2962 552 3025 iu
568 2973 653 3026 orat.
675 2975 751 3045 post
773 2965 909 3028 reditum
933 2968 971 3026 ad
990 2964 1085 3046 Quis.
1110 2987 1182 3047 cap.
1203 2967 1234 3030 8.
1256 2978 1288 3029 et
1310 2966 1342 3029 iu

46 3077 94 3122 teu.
109 3083 173 3146 cap.
193 3067 245 3128 11.
292 3061 403 3127 Pridie
421 3062 511 3123 Nou.
536 3056 671 3132 Sextii,
695 3057 768 3139 ipso
784 3059 842 3121 illo
861 3059 927 3135 die,
950 3080 1016 3142 qiio
1034 3059 1088 3122 lcx
1107 3071 1155 3122 est
1177 3061 1258 3134 lata,
1284 3058 1349 3124 cia

47 3170 101 3218 reru
113 3154 316 3236 Dyrrhachio
326 3153 497 3237 proiectus
514 3151 717 3215 Brundisium
733 3151 819 3215 venit
832 3153 920 3215 Non.
935 3153 1041 3227 Sext.;
1060 3152 1152 3235 epist.
1162 3155 1192 3214 1.
1209 3153 1341 3217 lib.IV.

11 3242 13 3283 2
47 3247 145 3312 111111.
184 3250 381 3315 Advenienti
396 3246 547 3312 Ciceroni
566 3240 723 3327 tamquam
743 3244 840 3308 totius
860 3244 969 3309 ltaliae
988 3245 1197 3328 atqueipsius
1221 3247 1345 3330 patriae
1451 3287 1453 3290 >
1497 3238 1502 3255 '

47 3339 176 3406 1111111111
207 3353 424 3426 porrexerunt
454 3337 658 3403 Brundisini:
688 3360 758 3400 cum
786 3338 865 3421 ipsis
893 3339 999 3402 Nouis
1021 3338 1137 3402 Sextil.
1167 3341 1248 3403 idem
1278 3340 1344 3403 dies

48 3434 169 3500 alveum
188 3438 243 3501 M.
266 3433 365 3499 'l'ullii
382 3433 512 3509 inisset,
535 3429 590 3515 qui
609 3431 721 3494 natalis
742 3431 823 3494 idem
850 3433 974 3495 'l‘ulliae
992 3432 1094 3509 filiae,
1119 3454 1200 3516 quae
1221 3433 1268 3497 ibi
1287 3456 1344 3516 pa-

46 3524 311 3613 usurpassem
340 3528 421 3591 idem
444 3526 536 3589 etiam
558 3525 658 3607 ipsius
679 3525 826 3589 coloniae
845 3525 1069 3602 Brundisinae,
1099 3526 1179 3591 idem
1205 3528 1342 3592 Salutis:
1410 3542 1415 3551 “

48 3639 169 3699 quaeres
188 3624 405 3687 animadversa
428 3642 444 3683 a
464 3618 660 3683 multitudine
689 3640 808 3682 summa
834 3618 1103 3685 Brundisinorum
1129 3621 1345 3704 gratulatione

48 3712 176 3781 celebrata
198 3731 268 3792 est;
297 3734 361 3800 pro
380 3713 486 3778 Sestio
508 3734 580 3795 cap.
601 3713 654 3775 63.
677 3724 709 3776 11
725 3713 801 3775 libr.
818 3713 884 3776 lv.
908 3715 948 3775 ad
966 3717 1036 3777 Au.
1061 3713 1156 3796 epist.
1177 3719 1208 3777 1.
1241 3715 1347 3777 Brun·

49 3804 100 3869 lisii
122 3832 186 3874 eum
215 3820 303 3874 esset
326 3810 357 3871 iu
384 3810 481 3871 domo
511 3806 704 3887 optimorum
734 3819 766 3869 11
789 3805 1040 3871 fortissimorum
1066 3807 1211 3872 virorum
1231 3808 1346 3871 Laeuii

49 3897 131 3966 Flacci
153 3916 183 3967 et
207 3902 311 3987 patris
340 3912 371 3964 et
396 3899 507 3964 fratris
527 3899 610 3975 eiius,
643 3911 715 3961 ante
741 3898 822 3962 diem
846 3901 911 3963 Vl.
934 3899 1012 3963 ldus
1035 3902 1171 3965 Sextiles
1191 3900 1348 3986 cognovit

11 4066 12 4087 χ
49 3990 266 4077 1111111Ουί1111
289 3995 414 4072 fratris,
444 3993 578 4057 mirilico
607 3992 712 4057 studio
740 3991 878 4056 omnium
903 4004 1039 4057 aetatum
1064 4007 1159 4087 atque
1186 3995 1344 4067 ordinum,

48 4082 196 4154 herinii
216 4109 378 4155 concursu
399 4088 530 4163 ltaliae,
564 4088 667 4172 legem
698 4086 832 4151 comitiis
862 4088 1047 4152 centuriatis
1074 4112 1143 4153 csse
1171 4090 1345 4171 perlatam3

48 4176 150 4250 hidem.
189 4188 269 4250 Inde
289 4206 305 4247 a
326 4181 524 4247 Brundisinis
543 4179 774 4244 honestissimis
790 4180 925 4243 decretis
944 4193 1073 4246 ornatus
1090 4184 1151 4248 iter
1171 4182 1221 4244 viu
1240 4182 1347 4263 Appia

50 4270 160 4340 hemum
178 4300 290 4342 versus
306 4277 393 4341 fecit.
428 4277 466 4341 In
483 4275 595 4339 itinere
614 4274 749 4337 XXIV.
768 4273 836 4336 dies
854 4278 1088 4358 consumpsisse
1107 4276 1251 4349 videtur,
1275 4296 1348 4337 eum

51 4365 153 4434 tuuis
171 4376 238 4435 lum
261 4372 397 4436 XXIX.
414 4370 535 4433 dierum
556 4379 652 4431 esset.
688 4366 862 4432 Brundisio
879 4369 1046 4450 profectus
1065 4370 1251 4452 Neapolim,
1276 4368 1348 4432 iude

51 4454 185 4545 1111111111,
209 4465 407 4540 Sinuessam,
430 4464 633 4537 Minturnas,
658 4461 823 4538 Formias,
845 4463 1050 4527 Terracinam
1074 4475 1106 4527 et
1128 4467 1250 4528 denium
1273 4463 1351 4530 Ari-

52 4549 128 4635 θαι,
146 4559 245 4640 pridie
266 4560 357 4625 Non.
380 4559 563 4642 Septembr.
585 4554 848 4632 Romam'eeuit3
871 4557 966 4639 epist.
987 4560 1019 4621 1.
1042 4558 1099 4623 lib.
1115 4559 1182 4623 IV.
1203 4563 1244 4621 ad
1260 4562 1350 4622 Α11.ι

54 4640 123 4727 'lvio
145 4665 245 4719 autem
271 4655 327 4717 illo
351 4652 465 4717 itinere
492 4674 510 4714 a
533 4650 705 4714 Brundisio
729 4672 830 4735 usque
854 4652 989 4714 Romam
1019 4675 1132 4737 agmen
1160 4666 1352 4738 perpetuum
1450 4666 1479 4729 f

81 4768 105 4847 1)
119 4780 215 4848 ,Quod
235 4785 259 4834 si
279 4782 420 4834 absentiae
441 4781 583 4833 Ciceronis
604 4755 717 4831 menses
731 4792 926 4842 numerentur,
948 4780 1164 4851 septemdecim,
1184 4788 1208 4836 si
1229 4798 1292 4835 vero
1309 4798 1354 4831 cx-

55 4846 111 4995 ἒῦἐὶ.
130 4856 277 5003 ἕοζῖῗηω
303 4859 461 4930 Appianum
486 4852 625 4909 sexdecim
651 4858 767 4908 omuino
798 4868 856 4908 esse
882 4870 965 4907 nemo
991 4872 1048 4907 non
1074 4854 1176 4910 uider.n
1215 4858 1353 4909 Ferrarius
