3322 5578
453 352 462 369 '
546 331 815 439 'ttts‘ronm
1312 381 1350 446 tt

63 517 103 579 lib.
122 515 147 579 l.
168 537 235 595 cap.
260 510 313 578 39.
338 527 369 577 et
393 516 445 579 56.
471 537 538 600 seq.
564 527 594 578 et
618 517 663 579 ΙΙ.
689 538 759 597 cap.
790 517 843 579 32.
875 519 913 579 de
944 518 1103 594 Oratore,
1140 530 1172 582 et
1194 520 1224 582 in
1248 523 1351 588 Bruto
1402 592 1406 598 ,

61 610 180 689 capili.
203 620 232 670 ct
255 610 327 683 52„
362 612 441 671 ttndc
470 632 592 672 eausam
617 611 708 672 talem
732 610 827 672 luisse
850 613 1092 693 cognoscimus:
1129 612 1297 695 Coponius
1320 618 1350 679 in

61 710 215 765 testamento
243 715 422 783 postumum
453 706 597 766 heredem
629 704 818 785 scripserat:
851 705 960 786 eique,
992 706 1017 767 si
1046 719 1210 789 antequam
1242 709 1270 771 in
1302 724 1352 771 tu·

59 797 129 856 telam
149 817 227 856 suam
251 796 394 873 veniret,
420 812 561 860 ntortuus
585 810 684 869 esset,
711 797 853 861 Manium
878 797 1010 862 Curium
1036 802 1257 876 sttbstitncrat3
1281 825 1350 865 enm

59 901 193 968 postumus
221 901 314 950 natus
341 911 403 953 non
433 904 533 964 esset,
561 894 610 953 M.
640 891 807 971 Coponius
832 894 925 954 heres
952 891 1110 975 legitimus
1138 898 1177 955 ad
1201 917 1234 958 se
1262 898 1353 959 ltere-

59 985 156 1043 dilatem
184 983 345 1064 pertinere
376 986 550 1058 contendit,
588 985 777 1068 negavitque
814 985 969 1047 Scaevola
1006 984 1146 1066 Coponii
1178 1002 1348 1070 patronus,

57 1075 100 1138 nisi
110 1089 262 1157 postumus
276 1091 307 1139 ct
320 1091 409 1141 natus
422 1092 452 1141 et
470 1094 631 1161 antequam
652 1078 682 1138 in
699 1100 785 1140 suam
800 1078 926 1140 tutelam
944 1077 1078 1154 veniret,
1098 1092 1180 1143 esset
1196 1096 1350 1159 mortuns,

58 1171 174 1230 heredem
199 1192 269 1231 cnm
300 1193 369 1235 esse
396 1195 511 1254 posse,
536 1172 589 1257 qni
612 1185 760 1255 postumo
791 1186 820 1235 et
847 1187 920 1235 nato
951 1184 981 1235 et
1011 1187 1137 1239 mortno
1167 1189 1250 1238 esset
1280 1182 1355 1241 snb-

56 1262 166 1324 stitntns.
210 1263 365 1341 Crassus,
391 1269 443 1350 qui
468 1267 600 1331 Curium
637 1269 843 1341 defendebat,
868 1268 1048 1338 contendit,
1074 1281 1258 1334 testatorem
1294 1275 1353 1335 hac

58 1368 135 1418 tuente
153 1357 265 1434 baisse,
293 1372 327 1421 nt
349 1362 373 1422 si
396 1362 478 1423 lilius
502 1384 565 1424 non
590 1375 688 1436 essct,
714 1360 767 1443 qui
787 1363 818 1424 in
838 1363 965 1424 tutelam
991 1362 1131 1442 veniret,
1158 1364 1275 1430 Curius
1298 1369 1354 1438 he,-

58 1470 96 1511 res
112 1465 200 1527 esset,
224 1453 321 1538 idque
346 1459 490 1519 omnibns
514 1457 675 1538 probarit.

195 1694 290 1762 nuo
320 1670 416 1764 uren
437 1701 598 1765 nonsit.
621 1702 789 1765 cicerone
812 1700 902 1762 aar.
924 1720 1008 1763 coss.
1025 1702 1175 1781 fuerunt

91 1833 126 1906 b.
149 1837 367 1917 MARCIUS
397 1840 693 1937 PHILIPPUS,
728 1840 836 1917 SEX.
879 1840 1046 1916 IULIUS
1091 1843 1297 1921 CAESAR.

116 1992 152 2053 L.
173 1994 343 2077 Philippus
366 1996 391 2057 is
414 2012 478 2071 est,
504 2020 636 2082 qttema
669 1999 720 2060 Μ.
750 1998 912 2061 Herennio
937 1998 1023 2079 prins
1047 2014 1227 2080 superatum
1250 2002 1348 2067 luisse
1413 2036 1420 2062 t

58 2081 170 2149 diximus.
212 2089 263 2151 Dc
288 2093 400 2155 codena
424 2091 541 2155 Cicero
566 2094 621 2154 lib.
643 2093 689 2154 ll.
714 2113 785 2172 cap.
811 2097 862 2154 tt.
887 2095 924 2154 de
950 2092 1090 2156 Officiis:
1116 2093 1151 2161 L.
1173 2098 1350 2178 Philippus

60 2180 87 2255 Q.
108 2181 136 2242 F.
160 2203 286 2262 magno
309 2186 358 2245 vir
385 2188 540 2268 ingenio,
564 2188 781 2268 inprimisque
810 2186 944 2264 elatus,
974 2187 1124 2266 gloriari
1143 2185 1293 2260 solebat,
1315 2209 1350 2251 se

57 2270 185 2331 sincello
205 2294 344 2337 munere
365 2276 524 2356 adeptum
548 2300 615 2343 esse
640 2278 773 2349 omnia,
796 2295 885 2358 quae
901 2273 1103 2338 haberentur
1124 2278 1349 2354 amplissima.

59 2358 102 2417 llic
118 2382 202 2421 anans
225 2363 367 2425 decimus
390 2379 497 2428 sextus
522 2369 671 2430 terminus
695 2377 741 2426 cst
765 2364 918 2443 pueritiae
944 2363 1137 2449 Ciceronis,
1154 2365 1183 2426 iu
1208 2388 1287 2448 qua,
1314 2379 1347 2427 ut

60 2452 212 2517 Plutarchus
242 2478 275 2517 e.
302 2458 332 2519 l.
363 2460 490 2532 scribit,
522 2484 591 2522 cnm
615 2483 666 2522 eas
689 2472 792 2529 artes,
828 2456 942 2538 quibus
966 2471 1051 2520 actas
1075 2457 1205 2539 puerilis
1229 2461 1267 2519 ad
1291 2460 1348 2519 hn-

62 2545 198 2610 ntaitatem
223 2550 392 2613 informari
415 2555 514 2627 solet,
546 2556 698 2624 disceret,
724 2551 883 2634 ingenium
909 2551 974 2611 cius
997 2552 1037 2614 ita
1063 2551 1179 2623 eluxit,
1212 2563 1347 2612 tantum-

63 2642 238 2717 qaerotniuis
264 2656 295 2705 et
319 2646 440 2725 gloriae
462 2648 544 2711 iuter
567 2671 683 2731 pueros
706 2647 831 2719 habirit,
857 2656 891 2706 ut
916 2666 1024 2707 eorum
1052 2659 1197 2728 panemos
1230 2644 1348 2706 visendi

64 2728 190 2798 Ciceronis
211 2742 519 2826 cognoscendaeque
543 2746 718 2805 celebratae
741 2738 909 2803 celeritatis
932 2739 964 2800 in
997 2740 1146 2802 discendo
1177 2738 1280 2819 gratia
1312 2741 1350 2800 ad

61 2822 134 2887 ludum
154 2832 310 2895 venirent.
368 2836 465 2898 Pueri
488 2860 616 2921 qttoqne
641 2836 770 2899 honoris
796 2836 895 2917 gratia
920 2833 1112 2899 Ciceronem
1138 2818 1270 2895 medinm
1294 2836 1348 2894 tle-

58 2917 194 2985 dueebant:
229 2928 271 2987 de
294 2949 357 3009 quo
382 2930 504 2992 honore
532 2932 722 2994 Plutarchus
745 2930 776 2991 in
803 2929 987 3010 Praeceptis
1011 2929 1176 3004 civilibus,
1216 2939 1244 2989 ct
1269 2926 1349 2991 Ovi·
1445 2970 1449 2981 ι

60 3012 108 3074 lius
126 3017 172 3078 lib.
195 3020 240 3081 V.
271 3044 302 3082 r.
327 3024 379 3084 nt.
405 3026 593 3087 Fastorum:

146 3128 182 3193 Et
203 3135 334 3195 medius
356 3136 529 3213 iuvenum,
551 3159 617 3199 non
639 3135 893 3215 indignantibus
915 3135 1016 3219 ipsis,

220 3224 315 3284 lbnl:
336 3233 366 3286 el
388 3224 544 3305 interior,
564 3230 595 3287 si
614 3249 724 3289 carries
748 3248 832 3288 unus
852 3235 936 3287 erat.

1234 3119 1246 3144 Ι

120 3329 228 3391 Iandat
253 3331 345 3391 etiam
375 3334 564 3395 Plutarchus
596 3336 730 3395 itulolcm
763 3334 927 3397 Ciceronis
958 3352 994 3392 ac
1027 3332 1118 3412 plane
1141 3333 1242 3414 ipsunt
1268 3332 1349 3394 eins-

62 3421 239 3488 aodinatnra
266 3425 363 3487 luisse
396 3427 454 3500 ait,
492 3431 612 3511 qttalettt
647 3431 738 3491 Plato
771 3429 826 3491 lib.
854 3429 899 3488 V.
924 3429 962 3488 de
986 3428 1068 3505 Rep.
1093 3426 1122 3488 iu
1153 3426 1348 3506 philosopho

61 3510 200 3578 ethomme
222 3517 318 3582 docili
342 3520 485 3602 requirit.
534 3522 594 3587 Ubi
617 3526 765 3584 Socrates
788 3523 830 3583 ita
854 3518 1029 3592 cuttelndit,
1061 3514 1178 3584 οὐκοῦν
1208 3524 1262 3583 acl
1292 3516 1350 3582 rita

61 3600 210 3707 patientior
235 3613 361 3700 caesia,-
383 3609 531 3701 asianum
551 3614 758 3696 intra-natu
781 3607 860 3679 sitan
887 3604 928 3678 uti
952 3612 1008 3690 τῆς
1034 3610 1128 3695 μιᾶς,
1158 3613 1214 3691 τῆς
1238 3606 1264 3678 d'
1291 3607 1347 3689 oti,

62 3696 254 3785 stillatione,
278 3704 307 3766 id
331 3718 391 3779 est,
415 3707 526 3789 Igitur
550 3718 582 3771 et
602 3711 841 3789 philosophum
863 3708 1012 3771 dicemus
1036 3707 1223 3784 sapientiae
1255 3726 1347 3771 atna-

62 3794 138 3852 torrm
157 3818 236 3876 esse,
269 3820 335 3860 non
358 3801 456 3859 nitius
477 3798 649 3875 alieuius,
682 3798 740 3860 sed
760 3801 942 3860 um'versae.
996 3795 1083 3857 Puer
1106 3793 1243 3869 Cicero,
1276 3801 1347 3857 citttt

64 3881 128 3954 patu
145 3885 282 3968 inprimis
306 3891 535 3961 delectaretur,
566 3888 717 3950 Pontium
748 3890 902 3949 Glanetun
933 3887 1124 3949 tetratnetris
1147 3887 1345 3969 composuit,

64 3991 129 4048 quem
148 4003 198 4041 sna
220 3981 396 4045 etiantunne
419 3994 521 4045 aetate
544 3980 698 4043 exstitisse
722 3982 911 4043 Plutarchus
935 3979 988 4044 ait.
1043 3982 1220 4060 Aeschylus
1246 3985 1278 4043 ἐν
1303 3982 1348 4069 τῷ

64 4066 162 4161 Ποντίῳ
186 4074 356 4167 thecuat-ra
388 4080 561 4149 Strabone,
589 4076 754 4136 Athenaeo
778 4087 807 4137 et
832 4074 897 4135 aliis
922 4074 1043 4140 citatur.

123 4166 187 4229 Hoc
207 4191 288 4232 anno
314 4172 458 4233 tribunus
480 4171 568 4250 pleb.
592 4170 643 4230 M.
668 4168 780 4230 Livius
803 4170 945 4241 Drusus,
972 4191 1040 4230 cttttt
1065 4168 1186 4230 senatui
1209 4167 1345 4247 priscum

62 4254 196 4323 restituere
220 4275 352 4345 cuperet
381 4266 494 4336 decus,
528 4274 557 4323 et
583 4261 694 4323 indicia
719 4264 757 4323 ab
792 4261 967 4344 eqttitibns,
1004 4261 1058 4344 qui
1081 4275 1145 4322 tntu
1167 4262 1236 4343 lege
1260 4262 1349 4321 Setu-

65 4350 146 4420 ptonia
166 4353 359 4433 indicabant,
385 4360 423 4419 ad
453 4379 522 4418 eum
553 4354 726 4437 transferre
754 4357 914 4431 ordinem,
940 4354 1030 4416 iniis
1061 4353 1156 4441 ipsis,
1182 4374 1262 4435 quae
1285 4374 1346 4432 pro

65 4454 143 4504 senatu
165 4451 366 4523 moliebatur,
391 4452 530 4513 senatnt'n
556 4448 663 4510 habuit
689 4448 923 4522 adversarium,
948 4448 1049 4534 inquit
1067 4446 1211 4508 Velleius
1227 4446 1345 4537 tituli.

66 4551 116 4613 cap.
142 4540 186 4603 13.
239 4545 320 4609 Cmn
350 4544 451 4628 igitur
478 4541 693 4605 vehementius
721 4542 925 4606 inveberetur
954 4543 985 4604 iu
1015 4563 1137 4602 eausam
1168 4539 1344 4621 principum

68 4632 148 4691 tonsnl
168 4637 349 4720 Philippus,
381 4638 542 4720 Drusique
570 4638 744 4699 tribunatus
773 4658 835 4717 pro
869 4651 993 4698 senatus
1019 4635 1206 4697 anctoritate
1240 4652 1347 4695 sttsec·
1404 4722 1408 4731 Ι

68 4731 118 4793 ltus
132 4726 248 4815 infringi
269 4733 331 4795 iam
356 4755 392 4796 ac
414 4732 568 4795 debilitari
596 4730 773 4804 videretur,
799 4732 942 4792 ludorum
972 4732 1188 4792 ttoutuuruu
1217 4728 1345 4797 dicbus,

70 4830 126 4887 ‘l¹¹⁰⁵
149 4841 163 4880 a
187 4825 284 4904 pridie
312 4828 399 4889 Non.
426 4848 524 4909 nsque
555 4826 593 4886 ad
622 4826 695 4886 Idus
722 4826 884 4906 Septemb.
914 4823 1010 4885 luisse
1044 4845 1084 4885 ex
1113 4822 1209 4884 reteri
1232 4822 1349 4884 Kalen·

71 4903 134 4971 laria
160 4919 378 5003 cognoscitur,
415 4920 548 4984 Crassus
573 4940 607 4981 se
634 4940 703 4981 cnm
732 4917 772 4982 C.
801 4922 895 4981 Cotta
923 4928 952 4979 ct
978 4918 1019 4980 P.
1047 4916 1187 4997 Sulpicio
1217 4915 1247 4977 ia
1277 4916 1345 4976 Tu·
1390 4988 1391 4991 Ἴ
