3322 5578
589 400 828 467 meroem.
1234 498 1236 502 μ
1352 401 1391 465 u
1471 474 1473 483 4

163 590 261 658 Anno
283 593 384 660 Urbis
404 594 625 664 cccxxix.
648 599 818 697 Ciceronis
838 596 1011 664 XXXIII.
1032 617 1120 662 coss.
1133 596 1285 679 fuerunt

108 761 150 837 n.
185 762 420 842 creturus
452 746 831 863 nucunnus‚'u.
869 766 1121 843 nunecius
1156 765 1338 843 cutm.

138 947 201 1012 His
221 949 412 1015 consulibus
435 950 574 1030 Cicero,
605 974 710 1017 annuo
733 974 862 1016 munere
885 965 1073 1036 quaesturae
1095 944 1243 1037 expleto,
1268 973 1286 1014 e
1309 951 1391 1016 Sici·

64 1042 99 1107 lia
119 1042 288 1125 provincia
312 1042 460 1111 decessit.
505 1047 626 1111 Habuit
649 1060 713 1111 tum
737 1047 913 1113 orationem
936 1045 1103 1126 Lilybaei,
1138 1047 1168 1110 in
1192 1065 1252 1132 qua
1276 1046 1391 1111 Siculis

63 1138 150 1199 multa
187 1137 329 1222 henigne
365 1139 565 1221 promisit&
599 1155 633 1206 ut
662 1143 826 1208 Asconius
855 1141 887 1204 in
917 1161 1042 1226 argum.
1073 1142 1174 1205 Verr.
1206 1142 1235 1204 1.
1265 1137 1390 1204 scribit.

62 1231 244 1296 Decedebat
275 1243 379 1296 autem
411 1254 446 1296 ea
476 1256 553 1318 spe,
589 1248 623 1300 ut
650 1236 710 1301 sibi
736 1236 891 1319 populum
914 1235 1013 1299 Rom.
1037 1236 1123 1298 ultro
1148 1235 1249 1299 omnia
1273 1234 1393 1298 delatu-

64 1348 124 1389 ιιιιιι
138 1338 284 1408 putaret.
329 1329 375 1391 At
396 1350 466 1391 cum
490 1351 564 1393 casu
587 1331 698 1393 diebus
720 1329 775 1405 iis,
799 1329 919 1393 itineris
940 1329 1076 1393 faciendi
1095 1346 1206 1407 causa,
1232 1328 1391 1394 Puteolos

66 1421 217 1494 venisset,
242 1419 383 1484 concidit
406 1445 524 1505 paene,
550 1446 620 1487 cum
643 1447 683 1487 ex
706 1444 746 1488 eo
768 1425 894 1510 quidam
918 1422 1111 1508 quaesisset,
1137 1445 1202 1507 quo
1222 1420 1272 1485 die
1286 1424 1391 1487 Roma
1453 1424 1456 1429 '

70 1515 173 1578 ruisset
198 1526 233 1578 et
255 1517 405 1600 numquid
430 1518 460 1580 iu
484 1539 519 1581 ea
542 1528 626 1582 esset
648 1519 743 1592 novi,
779 1522 867 1603 quod
894 1518 963 1601 ipse
991 1539 1054 1599 pro
1080 1516 1216 1581 Plancio
1239 1538 1310 1599 cap.
1335 1515 1389 1580 96.
1436 1545 1445 1565 ·

72 1619 187 1685 marat,
220 1620 253 1671 et
280 1609 474 1675 Plutarchus
502 1614 534 1675 in
557 1613 619 1675 rita
649 1613 761 1676 scribit
782 1634 854 1695 cap.
879 1613 911 1676 6.
967 1610 1049 1676 Cum
1073 1633 1090 1674 e
1114 1610 1219 1676 Sicilia
1242 1632 1277 1673 se
1299 1628 1391 1673 rece·

72 1703 174 1784 pisset,
210 1703 275 1767 iem
299 1702 466 1769 videbatur
493 1706 627 1771 facultas
650 1707 704 1771 illu
727 1706 850 1771 dicendi
873 1726 942 1769 esse
963 1707 1109 1788 perfecta
1133 1715 1164 1767 et
1186 1705 1304 1767 hahere
1327 1722 1392 1766 ma-

70 1798 218 1861 trritatem
249 1802 406 1883 qrraudaro
437 1820 544 1876 suam3
582 1812 615 1865 ut
644 1801 687 1864 ait
714 1799 746 1863 in
776 1800 881 1864 Bruto
910 1821 982 1881 cap.
1015 1798 1070 1861 99.
1124 1795 1198 1861 Puit
1221 1798 1284 1859 hoc
1306 1812 1389 1860 anun

63 1893 201 1955 uhunm
223 1894 313 1975 pleb.
338 1894 380 1958 L.
404 1893 571 1974 Quintius,
608 1896 705 1960 homo
729 1895 863 1957 trraxime
884 1893 1049 1977 popularis
1080 1906 1112 1955 et
1134 1895 1171 1954 ad
1194 1890 1388 1983 inflamman-

65 1985 115 2047 dos
132 1984 262 2049 aniruos
285 1987 492 2052 multitudinis
516 1988 791 2059 accommodatus.
822 1990 875 2074 qtri
898 1986 1070 2053 conciones
1095 1986 1237 2072 quotidie
1258 1985 1389 2048 seditio·

64 2098 106 2141 sas
124 2092 156 2141 et
181 2081 384 2145 turbulentas
408 2084 557 2146 habehat.
609 2080 727 2148 Cicero
758 2102 817 2166 pro
846 2081 998 2155 Cluentio
1021 2103 1093 2164 cap.
1124 2082 1177 2146 98.
1201 2080 1255 2145 99.
1280 2080 1333 2143 st.
1357 2089 1389 2142 et

63 2172 109 2235 33.
151 2168 255 2237 Ηιιιιό
276 2188 345 2238 acta
369 2175 478 2247 Sullae
501 2177 682 2240 rescindere
718 2197 755 2238 ac
786 2177 834 2239 rei
867 2175 1012 2259 publicae
1045 2188 1158 2239 statum
1194 2192 1324 2238 morere
1358 2185 1390 2235 et

64 2270 252 2348 perturbare
293 2282 459 2335 conantem
492 2271 649 2334 Lucullus
683 2271 794 2334 consul
831 2271 871 2333 ah
907 2269 1035 2353 incepto
1074 2269 1221 2346 deduxit,
1257 2280 1389 2332 auctore

66 2361 236 2426 Plutarcho
260 2361 291 2429 in
314 2364 466 2430 Lucullo.
511 2365 596 2429 Hinc
619 2365 735 2429 ntaeu·
757 2369 840 2447 apud
864 2364 1053 2428 Salustium:
1088 2363 1206 2445 fragm.
1239 2364 1295 2427 lih.
1319 2358 1387 2426 111.
1488 2370 1500 2431 .“

65 2455 132 2519 hist.
152 2455 329 2521 Lucullus
351 2462 488 2543 quantis
517 2461 640 2523 animis
668 2460 744 2522 ierit
772 2460 805 2521 in
828 2458 863 2521 h.
888 2458 1082 2538 Quintium,
1115 2456 1250 2520 vidistis.
1300 2455 1388 2519 Idem

70 2549 206 2628 Quintius
228 2562 387 2632 patronus
407 2550 467 2613 luit
490 2549 679 2633 Oppianici,
711 2550 766 2635 qui
794 2551 856 2613 hoc
883 2568 984 2624 anno,
1022 2550 1129 2612 Verre
1159 2559 1311 2631 praetore
1334 2566 1389 2611 tte·

72 2644 159 2718 ὶιιιιιι,
194 2646 426 2707 condemnatus
448 2656 516 2708 cst:
548 2643 665 2710 Cicero
687 2665 749 2726 pro
772 2641 923 2708 Cluentio
947 2664 1019 2725 cap.
1043 2643 1096 2706 33.
1121 2654 1151 2705 et
1174 2641 1335 2707 Asconius
1356 2640 1389 2707 in

72 2734 190 2800 Verrio.
215 2737 268 2802 11.
292 2758 363 2820 cap.
389 2741 421 2801 1.
444 2750 475 2800 et
496 2741 548 2801 10.
592 2740 731 2801 Verrem
753 2737 810 2800 his¹
824 2738 1008 2801 consulibus
1029 2749 1210 2820 praetorem
1232 2741 1388 2801 trrhnnnm

65 2828 172 2908 fnisse,
197 2832 411 2915 cognoscitur
432 2832 526 2895 etium
539 2832 680 2896 Verrina
701 2830 834 2913 septima
858 2832 1014 2914 eap.13.,
1039 2830 1093 2895 uhi
1115 2830 1254 2896 Ciceros
1277 2831 1387 2898 Neruo

66 2924 181 3010 inquit,
217 2935 292 2990 tum
311 2929 509 2997 rusticanus
529 2926 632 2990 horno
663 2926 701 2990 h.
722 2924 872 2991 Lucullo
894 2936 925 2995 et
945 2922 996 2991 M.
1019 2927 1117 2991 Cotto
1138 2942 1223 2988 coss.
1245 2924 1389 2987 llomdm

66 3040 105 3083 ex
122 3019 201 3082 allo
221 3018 413 3098 municipio
436 3016 623 3081 vadimonia·
648 3039 758 3084 cansa
779 3023 884 3095 uenit,
913 3019 995 3101 quin
1023 3019 1144 3098 sciret,
1171 3019 1251 3078 iuro
1272 3017 1389 3078 omnin

68 3110 191 3191 populi
217 3109 363 3175 llomnrti
386 3117 473 3171 nutu
501 3116 606 3193 utque
633 3108 775 3173 arbitrio
798 3109 986 3173 Chelidonis
1005 3106 1247 3173 meretriculae
1266 3104 1390 3189 guber·

62 3219 145 3262 uon.
1027 3214 1029 3219 ’

138 3290 216 3356 Hoc
243 3288 337 3354 etiam
368 3299 516 3373 ternpore
540 3291 594 3355 Μ.
618 3289 799 3367 Antonius,
832 3289 933 3376 gratia
959 3287 1079 3354 Cottae
1108 3285 1246 3352 consulis
1268 3297 1300 3350 et
1322 3283 1388 3351 Ce-

61 3385 142 3469 thegi
163 3385 307 3449 factione
328 3386 359 3448 in
381 3398 492 3448 senatu
521 3384 718 3449 cenationem
748 3395 857 3448 nactus
887 3384 983 3451 totius
1002 3382 1090 3447 'orac
1113 3382 1307 3458 maritimae,
1340 3378 1389 3443 Si·

62 3479 158 3542 tiliam
182 3492 214 3543 et
237 3479 420 3561 provincias
443 3500 553 3542 ornnes
581 3480 791 3562 depopulatus
815 3490 880 3553 est;
899 3490 946 3540 ·et
975 3480 1014 3541 nd
1043 3489 1218 3569 extremum
1247 3475 1388 3540 inserens
1512 3534 1515 3543 .

62 3569 269 3655 Cretensibus
291 3573 426 3649 bellum,
451 3593 487 3635 re
501 3574 591 3636 male
615 3583 722 3658 gesta,
749 3575 863 3635 inorbo
886 3572 1024 3637 interiit:
1049 3572 1212 3637 Asconius
1234 3570 1265 3634 in
1284 3571 1386 3635 Vere.

59 3654 120 3730 IV.
143 3688 221 3749 rap.
245 3665 278 3729 3.
322 3656 701 3732 Livineiuxcvlt.
742 3666 861 3731 Florus
891 3666 975 3730 lituo
1005 3667 1070 3731 lll.
1100 3667 1204 3749 capite
1227 3668 1258 3728 7.
1311 3664 1388 3727 Me·
1480 3660 1484 3669 ’

59 3761 141 3824 nisit
163 3757 313 3824 Velleius
336 3757 392 3823 lib.
416 3758 464 3823 ll.
488 3781 560 3841 cap.
583 3758 637 3823 31.
661 3770 693 3821 et
716 3757 834 3825 Cicero
857 3759 957 3824 Vere.
983 3761 1045 3833 IV..
1068 3781 1140 3843 cap.
1163 3761 1235 3836 13,
1261 3757 1314 3823 uhi
1331 3754 1386 3822 M.

61 3852 192 3920 Antonii
215 3853 372 3918 inlinitum
395 3852 561 3936 imperium
584 3854 673 3918 dicit.
726 3856 790 3919 Hic
812 3854 975 3920 Antonius
1003 3867 1095 3939 pater
1121 3854 1182 3920 tuit
1204 3854 1257 3920 M.
1280 3855 1387 3919 Auto-

58 3950 95 4010 nii
113 3947 308 4022 triumviri,·
324 3946 378 4032 qui
397 3946 428 4010 in
449 3946 616 4013 Plutarchi
631 3949 775 4014 Antonio
797 3947 942 4039 epistulae
964 3952 1114 4014 mendose
1134 3968 1196 4032 pro
1220 3943 1388 4034 Κρητικὸς

55 4042 238 4105 nominatur
260 4042 302 4121 ²).
364 4042 446 4104 Tum
478 4062 608 4128 qnoque
637 4043 791 4115 Metellus
823 4055 856 4106 et
889 4043 1066 4126 Pompeius
1092 4042 1124 4105 in
1158 4041 1309 4123 Hispania
1345 4036 1386 4102 ah

53 4135 222 4199 obsidione
253 4132 420 4221 Calagurii
448 4134 562 4218 oppidi
591 4137 734 4218 depulsi,
770 4135 876 4200 coacti
903 4137 1034 4211 luerunt
1062 4136 1203 4199 diversas
1235 4134 1386 4218 regiones

51 4239 184 4309 [κίστη
219 4230 375 4294 Metellus
404 4229 589 4293 ulteriorem
617 4229 823 4314 Hispaniam,
862 4231 1036 4314 Pompeius
1060 4229 1218 4303 Galliam,
1253 4239 1385 4292 auctore

52 4319 150 4385 Livio
174 4322 251 4386 libr.
271 4320 410 4387 XCllI.
461 4325 576 4407 ltaque
598 4333 662 4386 tutu
687 4324 848 4388 exercitus
869 4322 1017 4407 Pompeii
1038 4320 1189 4388 hiemavit
1210 4320 1241 4384 in
1265 4320 1383 4396 Gallia,

53 4432 120 4477 uana
150 4417 205 4482 M.
232 4416 390 4482 Fonteius
420 4430 552 4500 praetor
580 4436 646 4480 eam
675 4417 873 4501 provinciam
902 4418 1081 4495 obtineret,
1119 4427 1153 4480 ut
1182 4414 1300 4480 Cicero
1322 4434 1384 4497 pro

55 4504 193 4575 Fonteio
214 4532 287 4595 cap.
311 4510 345 4575 3.
370 4509 522 4575 ostendit.
1099 4530 1103 4537 ‘

95 4696 126 4769 t)
150 4698 240 4756 Unum
259 4706 321 4757 etus
341 4698 527 4773 fragmentum
548 4701 684 4776 snperes't.
720 4704 857 4776 fragmen.
878 4701 931 4758 Ed.
955 4717 1032 4755 meae
1048 4718 1076 4774 p.
1096 4702 1161 4758 dil.

96 4776 126 4843 2)
148 4775 292 4835 Censetur
309 4793 353 4835 est
379 4795 456 4831 error
478 4781 509 4831 tn
531 4776 582 4830 Ed.
601 4772 743 4833 Schaeieri
762 4794 824 4851 cap.
852 4785 879 4834 1.
904 4776 965 4831 Vol.
981 4778 1028 4831 lv.
1050 4794 1077 4850 p.
1099 4773 1165 4835 430.
1290 4790 1299 4809 ¹
1415 4858 1419 4865 ἢ

933 4908 937 4921 i

512 4932 920 4954 »m
