3322 5578
524 434 778 504 Histoniu-
888 423 897 437 ·
1215 442 1221 463 ¹
1289 434 1330 501 as
1365 412 1368 419 “

41 576 154 646 contenit
177 589 228 655 tt,
267 576 343 663 quid
371 574 493 663 egerit,
529 578 642 644 Attico
675 579 787 643 scribit
809 578 904 663 epist.
935 580 988 644 18.
1013 579 1072 645 lib.
1097 581 1164 645 IX.
1196 566 1344 645 Cicero¹
1425 633 1429 643 .

41 677 119 739 dume
145 674 300 757 Arpinum
328 675 495 757 proiectus
528 674 570 737 ibi
603 673 713 739 Tullio
742 675 810 740 filio
838 696 898 740 suo
928 687 1037 760 togam
1074 698 1186 758 puram
1223 674 1328 749 dedit;

37 772 102 852 epist.
122 769 171 832 tt.
197 766 255 831 lib.
274 770 340 833 IX.
371 771 411 830 ad
436 767 527 842 Att.;
557 770 732 853 mansitque
758 769 790 833 iu
819 769 902 832 villis
924 791 1031 832 mense
1054 769 1161 851 Aprili
1180 780 1213 833 et
1233 768 1328 833 Maio

34 876 104 947 atque
124 864 160 925 ad
179 861 322 927 Atticum
346 860 429 924 misit
452 859 622 943 epistolas,
648 886 729 949 quae
752 865 810 929 lib.
832 866 879 929 X.
901 876 1039 928 exstant.
1081 864 1165 928 Vll.
1181 865 1257 928 Idus
1273 863 1330 927 Iu·

32 958 82 1020 nias
105 957 139 1019 ad
159 955 349 1038 Pompeium
375 955 408 1018 in
437 957 605 1020 Graeciam
628 960 838 1041 proficiscens
866 980 978 1023 navem
1005 957 1208 1033 conscendit3
1232 956 1327 1040 epist.

33 1050 118 1113 ctio.
145 1051 248 1113 xlv.
279 1053 318 1112 ad
347 1049 462 1113 Famil.
518 1053 684 1135 Suscepto
712 1053 824 1129 bello,
855 1054 996 1127 Caesar,
1027 1061 1123 1135 gesto
1153 1054 1257 1114 etiam
1283 1071 1329 1113 ex

32 1164 133 1226 ιιιιιςιιιι
158 1153 277 1224 purte,
305 1143 407 1206 nullu
437 1145 471 1208 vi
495 1151 658 1219 coactus,
680 1142 810 1206 iudicio
842 1164 918 1207 meo
943 1164 987 1207 uc
1013 1143 1188 1207 voluntate
1212 1141 1262 1204 od
1283 1159 1326 1203 ea

33 1253 106 1295 uranu
132 1233 313 1313 profectus
340 1254 436 1313 snm,
467 1253 558 1316 quac
584 1241 682 1297 erunt
707 1244 846 1316 sumpta
878 1242 1001 1297 contra
1030 1245 1083 1313 te,·
1104 1236 1148 1297 ait
1171 1234 1240 1316 ipse
1263 1252 1325 1315 pro

31 1323 137 1409 Ligario
159 1346 233 1407 cap.
261 1325 294 1388 3.
320 1337 351 1388 ct
373 1347 434 1388 nos
453 1324 484 1387 in
510 1322 749 1389 Commentario
778 1322 996 1406 exposuimus.
1041 1328 1210 1390 Adventus
1236 1327 1323 1401 eius,

31 1431 55 1479 nt
72 1418 254 1482 Plutarchus
280 1440 351 1501 cap.
378 1420 433 1483 38.
456 1418 583 1493 scribit,
619 1419 732 1480 ceteris
757 1430 866 1501 gratus
895 1419 975 1482 suite
1000 1417 1084 1484 Cato
1106 1432 1208 1500 aretem
1234 1421 1324 1483 illum

30 1512 201 1597 conspicatus
227 1514 333 1576 marltis
360 1513 467 1577 verbis
487 1512 709 1594 reprehendit,
741 1515 828 1596 quod
850 1512 1040 1594 Pompeium
1065 1511 1193 1579 secutus
1220 1509 1323 1581 esseta

30 1628 81 1667 nau
97 1628 128 1670 se
157 1628 222 1672 uon
250 1608 393 1689 potuisse
419 1608 553 1670 honeste
576 1626 643 1673 earu
667 1619 784 1670 sectam
808 1609 972 1683 deserere,
998 1629 1090 1691 qnam
1117 1612 1159 1672 ab
1179 1610 1270 1676 initio
1293 1610 1325 1675 in

31 1700 182 1784 republica
206 1702 393 1788 delegisset3
416 1703 521 1778 illum,
547 1700 601 1787 qui
626 1701 727 1786 magis
749 1703 904 1784 prodesse
924 1702 1059 1783 patriae
1073 1714 1105 1766 et
1128 1704 1234 1768 amicis
1263 1728 1325 1788 po-

30 1795 116 1874 tuerit,
137 1796 215 1861 siin
236 1798 330 1862 ltalia
357 1798 521 1861 mansisset
543 1806 576 1859 et
596 1795 773 1880 aeqtraliter
798 1816 832 1859 se
851 1799 891 1858 ad
915 1809 1062 1859 eventum
1088 1813 1322 1881 comparasset,

29 1889 228 1956 militatione
255 1904 287 1956 ct
316 1893 381 1956 sine
408 1890 595 1955 necessitate
626 1891 750 1954 bostem
774 1888 906 1955 Caesari
930 1889 1051 1952 factum
1079 1913 1147 1955 esse
1173 1907 1268 1980 atque
1292 1898 1323 1961 in

28 1983 85 2046 tanti
105 1984 238 2068 periculi
262 1985 448 2050 societatem
478 1984 615 2050 venisse.
662 1982 743 2049 Cum
765 1984 846 2047 haec
871 1987 969 2047 verba
995 1982 1164 2049 Ciceronis
1188 1990 1323 2055 animum

27 2078 170 2155 hirriunt,
194 2091 263 2143 turn
284 2083 373 2164 qarod
395 2079 480 2144 nulla
502 2098 613 2164 magna
635 2076 667 2139 in
685 2098 721 2139 re
742 2076 917 2160 Pompeius
935 2076 1020 2140 illius
1043 2099 1141 2161 opera
1162 2085 1324 2148 utebatur.

30 2173 55 2236 la
70 2193 150 2236 musa
171 2186 242 2238 erat
269 2175 358 2258 ipse,
382 2196 446 2239 non
469 2194 588 2258 negans
611 2193 647 2236 se
668 2170 745 2236 lacti
762 2170 812 2234 sui
835 2172 1013 2255 poenitere.
1058 2174 1223 2240 Hactenus
1246 2179 1326 2244 Plu·
1423 2226 1428 2233 .

29 2267 137 2331 urebas.
181 2269 259 2352 Ipse
289 2289 418 2355 quoque
443 2268 539 2352 epist.
567 2268 600 2331 3.
633 2268 691 2331 lib.
717 2267 802 2330 VII.
837 2269 875 2328 ad
900 2265 1015 2329 Famil.
1045 2265 1110 2330 aits
1144 2272 1246 2336 Cuius
1273 2294 1326 2338 me

30 2363 77 2421 nei
86 2361 180 2441 sueti
199 2365 370 2445 poenituit
390 2384 457 2425 non
481 2372 553 2424 tum
574 2371 715 2445 propter
734 2361 931 2443 periculum
951 2379 1082 2438 meum,
1113 2382 1219 2444 quom
1247 2384 1326 2444 pro·

30 2460 83 2528 pter
98 2455 173 2517 vitio
198 2455 333 2532 multa,
355 2474 444 2537 quoe
470 2453 518 2515 ibi
539 2453 686 2530 offendi,
708 2471 778 2533 quo
803 2470 966 2513 veneram.
1010 2449 1131 2513 Caesar
1153 2452 1183 2514 in
1207 2454 1326 2537 Hispa·

31 2540 269 2624 olimpi-clectus
299 2565 337 2608 ea
359 2544 483 2627 potitus
502 2556 574 2619 est,
605 2554 636 2606 et
658 2542 834 2605 dictatore
861 2543 914 2607 M.
939 2542 1068 2626 Lepido
1096 2556 1246 2627 praetore
1280 2547 1328 2611 di·

31 2638 214 2702 cturonitia
242 2639 350 2715 abuit,
376 2640 491 2723 quibus
512 2638 673 2720 ipserum
696 2638 737 2702 P.
756 2636 895 2702 Servilio
920 2639 1033 2702 consul
1055 2651 1181 2705 creatus
1202 2652 1267 2719 est;
1290 2648 1326 2706 ut

31 2728 112 2793 tcn'bit
132 2734 186 2797 lib.
204 2735 277 2805 ΙΙΙ.
305 2736 343 2797 de
365 2734 455 2799 bello
480 2732 566 2798 civili
592 2754 663 2815 cap.
685 2734 715 2796 1.
970 2738 974 2745 “

190 2974 289 3043 Anno
309 2977 408 3043 Urbis
428 2979 543 3046 DCCV·
568 2979 735 3045 Ciceronis
763 2978 854 3044 ΗΧ.
877 2998 963 3043 coss.
976 2978 1127 3058 fuerunt

30 3112 58 3187 C.
83 3116 244 3198 IULIUS
280 3119 477 3199 CAESAR
511 3117 971 3311 ll.,R}'dU{ERVlLlUS
1003 3120 1163 3199 Vthll
1196 3124 1329 3203 Isati-

89 3386 143 3451 llis
174 3390 362 3455 consulibus
389 3390 491 3474 pridie
520 3393 632 3455 Nonas
664 3391 735 3455 Ian.
771 3388 894 3455 Caesar
925 3390 1098 3457 Brundisio
1130 3391 1160 3456 in
1191 3395 1328 3478 Epirum

34 3488 113 3544 turba
142 3483 335 3568 Pompeium
367 3485 513 3581 traiecit3
546 3485 601 3550 lib.
628 3485 695 3549 ΙΙΙ.
731 3506 802 3567 cap.
835 3486 867 3548 6.
904 3488 943 3549 de
976 3487 1061 3552 bello
1092 3488 1191 3553 civili.
1233 3491 1330 3554 Post

34 3570 112 3638 bonas
134 3576 233 3642 Febr.
264 3577 381 3644 Cicero
413 3602 430 3645 e
457 3579 591 3644 Graecia
621 3582 662 3642 ad
689 3579 830 3643 Atticum
861 3579 945 3642 dedit
979 3581 1074 3663 epist.
1108 3582 1141 3646 2.
1173 3583 1231 3648 lib.
1261 3585 1328 3648 xl.

37 3663 143 3736 Obiecto
171 3694 188 3736 a
215 3672 358 3739 Caesare
380 3686 413 3738 et
439 3673 681 3738 circumvallato
708 3672 867 3756 Pompeio
893 3675 977 3756 apud
1002 3676 1259 3756 Dyrrhachium,
1285 3679 1327 3743 P.

38 3753 167 3829 lltbbella
187 3770 229 3830 ad
252 3767 444 3834 Ciceronem
470 3768 554 3832 misit
572 3767 667 3850 epist.
694 3767 727 3842 9.
747 3768 804 3831 lib.
831 3768 898 3832 IX.
926 3771 965 3831 ad
985 3769 1100 3834 Famil.
1145 3773 1248 3835 Nouis
1273 3771 1329 3835 lu-
1455 3771 1458 3777 '

41 3849 120 3920 inin
140 3860 254 3924 castris
287 3861 368 3927 suit:
393 3885 410 3927 e
440 3863 555 3950 qrribus
588 3864 628 3924 ad
652 3861 792 3925 Atticum
815 3862 900 3924 dedit
926 3862 1020 3946 epist.
1049 3864 1079 3930 3.
1110 3865 1168 3928 lib.
1196 3865 1262 3929 XI.
1295 3876 1328 3927 et

38 3961 200 4045 tepentem:
225 3956 256 4017 in
281 3977 345 4041 quta
363 3958 474 4021 scribit
494 3979 528 4020 se
552 3953 668 4020 confici
691 3954 924 4031 sollicitudine,
949 3977 989 4020 ex
1012 3979 1072 4040 qua
1090 3958 1182 4022 etiam
1206 3979 1327 4022 arumna

35 4036 158 4109 rubenitas
184 4050 336 4131 corporis
366 4063 538 4116 consecuta
569 4050 644 4113 sit.¹
687 4049 800 4134 Itaque
823 4070 894 4112 cum
919 4050 1091 4134 Pompeius
1115 4052 1269 4116 translato
1293 4050 1326 4113 in

34 4128 191 4202 Thessaliam
225 4142 313 4207 bcllo
347 4147 431 4227 apud
464 4143 660 4209 Pharsaliam
689 4142 788 4204 media
821 4154 958 4222 aestate,
1002 4158 1035 4208 ut
1067 4147 1260 4210 Plutarchus
1295 4144 1327 4206 in
1402 4156 1404 4161 ’

35 4222 107 4328 bruto
125 4236 238 4312 tradit,
263 4257 281 4311 a
305 4236 444 4303 Caesare
466 4240 569 4304 rictus
596 4248 660 4311 est,
684 4233 805 4301 Cicero
834 4237 866 4301 in
893 4238 960 4301 acie
983 4260 1048 4303 nou
1073 4240 1153 4315 fuit,
1186 4251 1220 4302 ut
1246 4238 1329 4327 scri·

33 4314 64 4379 bu
79 4324 110 4386 ad
128 4327 262 4393 Paetum
285 4331 378 4413 epist.
408 4334 460 4397 18.
484 4333 541 4396 lib.
568 4332 634 4396 IX.
660 4331 698 4391 ad
724 4330 861 4405 Famil.,
885 4333 942 4395 sed
963 4330 1114 4395 remansit
1139 4330 1326 4406 incastris,

36 4416 174 4513 'lbiriru
195 4423 255 4489 lib.
283 4424 380 4490 CXI.
403 4424 544 4509 scripsit.
594 4424 687 4490 Unde
709 4423 903 4488 Plutarchus
929 4425 963 4489 in
990 4424 1152 4491 Cicerone
1175 4446 1246 4507 cap.
1274 4425 1327 4488 39.

37 4516 75 4614 ⁸¹¹3
91 4513 142 4591 ‘tlt
154 4513 261 4605 μάχης
283 4515 322 4586 οὗ
343 4524 476 4606 μετέσχε
498 4516 537 4586 ds'
558 4514 771 4606 ἆῤῥωστίαν.
785 4519 819 4580 id
833 4529 898 4593 est,
921 4519 1057 4599 proelio
1079 4528 1221 4600 propter
1238 4516 1331 4592 infir-⁸

37 4610 152 4669 mutem
171 4617 329 4692 corporis
352 4635 421 4677 non
445 4611 615 4693 interfuit.
655 4611 758 4673 Erant
783 4631 855 4675 cum
884 4609 1044 4676 Cicerone
1074 4609 1128 4672 M.
1157 4610 1269 4673 Varro
1297 4620 1329 4670 et
1439 4612 1442 4627 '

37 4684 181 4775 Mam
205 4703 262 4766 lib.
288 4707 319 4767 1.
341 4725 415 4787 cap.
443 4704 498 4769 32.
527 4706 566 4766 de
588 4702 732 4768 Divinat.
755 4702 912 4768 Catonem
938 4701 1150 4781 Dyrrhachii,
1172 4714 1207 4764 ut
1227 4701 1328 4784 impe-

36 4779 150 4855 lltutia
176 4796 339 4877 praesidio
369 4810 471 4877 esset,
507 4820 577 4862 cum
605 4798 688 4862 XV.
721 4797 912 4862 cohortibus
944 4816 960 4856 a
991 4794 1150 4876 Pompeio
1183 4797 1327 4860 relictum

36 4870 110 4944 lutee
130 4886 318 4956 Plutarchus
343 4892 375 4956 in
401 4892 560 4976 Pompeio
591 4904 622 4955 et
645 4891 772 4991 Catone
796 4901 909 4953 auctor
939 4900 999 4952 est.
1044 4890 1144 4954 Victo
1169 4891 1330 4970 Pompeio

39 4976 152 5084 Tlffh.
170 5034 253 5085 etiam
273 5032 394 5108 Philipp.
414 5037 448 5099 2,
475 5037 527 5103 15,
548 5035 595 5094 at.
