3348 5584
275 319 338 382 mo
543 285 887 383 numennumen
911 315 1060 381 v1rna
1084 313 1335 383 crenaours

295 539 368 592 burri
403 540 471 591 Aure
1521 535 1594 586 Anni

296 614 369 667 U.C.
395 615 428 669 C.
438 612 473 668 N.
1280 646 1284 651 -
1531 609 1593 662 Cic.

389 718 481 731 ὼ
1512 715 1586 726 -

497 794 680 860 Praeterea
695 793 804 880 legem
822 792 913 876 tulit,
934 796 992 881 ut,
1018 792 1072 879 qui
1091 792 1197 859 civem
1224 790 1408 857 Romanum
1432 792 1496 856 in-

497 887 682 952 demnatum
705 889 943 970 interemisset,
965 890 995 954 ei
1013 905 1100 974 aqua
1123 891 1157 953 et
1178 888 1248 975 igni
1265 885 1496 952 interdicere-

499 986 560 1045 tur.
604 978 678 1063 Quo
697 981 787 1047 iacto
812 977 930 1049 Cicero
949 986 1077 1047 vestem
1098 985 1221 1066 mutat,
1242 982 1276 1044 et
1294 978 1496 1044 sordidatus

498 1075 622 1159 populo
654 1075 852 1160 supplicat.¹
896 1076 997 1141 Multi
1024 1079 1199 1142 senatores
1233 1078 1267 1140 et
1295 1071 1365 1139 XX
1397 1072 1496 1135 miDa

499 1168 661 1234 hominum
678 1171 825 1257 aliorum,
846 1172 881 1233 in
896 1172 1010 1255 primis
1027 1173 1155 1257 eqrrites
1177 1170 1248 1235 iere
1270 1187 1399 1249 omnes,
1420 1184 1495 1231 ve-

498 1264 611 1328 stitum
628 1261 784 1328 mutant.2
827 1260 945 1332 Cicero
964 1284 1076 1330 mense
1090 1265 1217 1331 Martio
1230 1266 1380 1329 extremo
1393 1259 1495 1327 Urbe

499 1353 615 1422 cedit.³
658 1358 742 1423 Post
761 1360 832 1422 eius
854 1357 1036 1424 discessum
1054 1356 1190 1426 Clodius
1213 1355 1256 1422 de
1278 1358 1351 1421 cius
1368 1354 1494 1421 exsilio

498 1451 542 1518 ud
563 1452 720 1537 poputum
738 1451 843 1517 refert
865 1451 1072 1537 edictumque
1090 1452 1262 1537 proponit,
1283 1453 1320 1514 ut
1337 1451 1384 1513 iiii
1400 1466 1497 1534 aqua

499 1550 533 1611 et
555 1547 624 1635 igni
653 1544 909 1611 interdiceretur
936 1550 970 1611 et
993 1564 1035 1611 ne
1051 1548 1140 1611 inira
1162 1537 1408 1632 quadringenta
1424 1543 1497 1607 rul-

500 1641 545 1704 iia
573 1658 728 1723 passuum
758 1640 788 1703 ci
811 1638 927 1703 liceret
949 1658 1033 1706 esse.
1076 1639 1204 1705 Deinde
1233 1633 1405 1706 Ciceronis
1423 1634 1497 1700 do-

501 1752 585 1798 mum
606 1734 640 1819 in
663 1730 812 1815 Palatio,
850 1733 928 1796 item
951 1734 1063 1798 viliam
1094 1732 1315 1821 Tusculanam
1339 1734 1372 1797 et
1398 1729 1509 1881 For-¹

500 1829 639 1892 mianum
665 1826 833 1912 incendit,
866 1825 953 1905 bona
975 1823 1119 1912 diripit*
1172 1824 1290 1895 Cicero
1315 1826 1495 1911 Vibonem,

501 1919 673 2007 Thorium,
700 1919 894 2006 Tarentum,
922 1920 1133 1986 Brundisium
1156 1924 1261 2007 petit,
1294 1923 1329 1985 et
1350 1917 1394 1983 X.
1411 1918 1496 1984 Kal.

501 2013 572 2077 iun.
598 2009 868 2077 Thessalonicam
891 2010 1016 2079 venit.⁵
1060 2015 1142 2080 Inde
1171 2033 1244 2081 cum
1270 2016 1301 2077 ei
1329 2031 1409 2097 spes
1430 2031 1494 2078 re-

500 2104 589 2169 ditus
606 2105 699 2170 iaetu
715 2109 821 2189 esset,
849 2106 1092 2194 Dyrrhachium
1118 2106 1205 2173 redit
1229 2109 1318 2173 circa
1335 2106 1394 2171 Vi.
1410 2105 1494 2170 Kal.

501 2198 580 2263 Dec.
623 2196 663 2279 D.
680 2198 786 2264 irater
802 2204 881 2266 ente
896 2202 973 2267 Kal.
991 2202 1103 2268 Maius
1125 2202 1211 2268 Asia
1229 2202 1401 2286 provincia
1423 2198 1493 2267 dc-

500 2293 618 2379 ceasit,
639 2311 735 2378 quam
752 2313 813 2378 per
827 2296 1002 2360 triennium
1021 2297 1219 2362 obtinuerat.

541 2398 700 2464 Cicerone
715 2403 862 2482 expulso,
884 2401 1017 2468 Clodius
1029 2405 1131 2489 legem
1147 2404 1217 2466 hilii
1229 2405 1267 2467 de
1283 2403 1485 2479 Ptolemaeo,

500 2519 579 2582 rege
605 2495 728 2582 Cypri,
752 2506 788 2557 ut
813 2499 897 2561 bona
929 2499 995 2563 eius
1022 2496 1260 2582 publicarentur
1294 2508 1327 2560 ct
1352 2518 1490 2581 regniun

501 2590 530 2653 in
564 2587 916 2689 provinciaexsormam
947 2592 1164 2677 redigeretrrr3
1216 2594 1304 2676 quod
1324 2591 1491 2676 negotium

502 2687 554 2748 M.
580 2684 696 2751 Catoni
719 2690 896 2749 mandatum
920 2698 980 2749 esi.

296 2835 375 2907 697
415 2840 466 2913 57
501 2836 600 2901 (20⁵³-
643 2840 683 2903 Ρ.
708 2792 886 2904 Cornelium
908 2840 1074 2901 Lentulus
1096 2836 1275 2920 Spinther,
1305 2842 1348 2920 Qu
1372 2839 1492 2903 Caeci·
1529 2841 1578 2910 ὅθ

643 2933 710 2996 lius
729 2934 893 2997 Metellus
914 2934 1042 3013 Nepos.
1669 2952 1670 2959 ¹

541 3047 704 3115 Kalendis
726 3050 890 3116 Ianuariis
913 3050 1076 3114 Lentulus
1093 3046 1255 3135 Spinther
1280 3070 1349 3117 eos
1368 3050 1409 3117 de
1431 3071 1492 3119 re-

500 3142 652 3209 vocando
671 3138 833 3211 Cicerone
850 3145 884 3207 in
902 3146 1023 3207 senatu
1044 3161 1147 3231 agere
1167 3146 1294 3229 eoepit,
1322 3144 1492 3211 adiuvan-

500 3239 588 3303 tibus
616 3237 688 3321 scm
722 3238 872 3302 omnibus
904 3236 1045 3300 tribunis
1078 3237 1199 3320 piebis,
1243 3239 1277 3302 in
1307 3241 1420 3323 primis
1452 3239 1492 3305 P.

489 3327 613 3415 ,Sestio
640 3336 674 3396 et
704 3331 742 3399 Τ.
764 3332 878 3397 Annio
908 3330 1047 3395 Milone.
1095 3330 1158 3395 His
1188 3331 1308 3396 studiis
1338 3333 1491 3399 ellectum

502 3429 569 3505 est,
591 3428 628 3489 ut
649 3428 787 3510 primum
810 3421 936 3492 SCtum
957 3423 1051 3488 fieret
1074 3422 1115 3488 de
1134 3427 1206 3490 eius
1222 3427 1346 3512 salute,
1369 3418 1533 3536 (1111111111-ι
1669 3418 1670 3465 ³

373 3549 380 3557 ·
504 3519 558 3583 iex
579 3512 621 3582 de
644 3537 684 3583 eo
709 3516 900 3584 revocando
926 3515 970 3582 ad
993 3518 1149 3602 populum
1171 3521 1241 3585 iata
1265 3520 1349 3605 prid.
1374 3521 1491 3587 Nonus
1669 3508 1670 3527 ¹

502 3608 621 3677 Sextii.
648 3615 788 3676 omnium
812 3613 1034 3677 centuriarum
1055 3629 1221 3677 consensu
1244 3616 1375 3697 perlata
1404 3611 1491 3681 est⁶

480 3712 484 3721 “
503 3702 629 3769 Eodem
641 3702 694 3769 die
709 3700 825 3771 Cicero
843 3703 1052 3792 Dyrrhachio
1067 3707 1356 3790 protectusNonis
1369 3708 1490 3777 Sextii.

503 3796 630 3861 'iuiiiae
655 3799 758 3863 natali
777 3798 988 3864 Brundisium
1013 3802 1116 3864 venit.
1167 3801 1251 3867 Inde
1271 3822 1332 3887 per
1359 3804 1489 3870 ltaliam

504 3893 643 3958 omnium
667 3892 930 3977 municipiorum,
960 3894 1266 3982 praefecturarum,
1288 3898 1490 3964 coloniarum

502 4002 625 4048 summa
642 3985 867 4073 gratuiotIone
885 3988 919 4050 et
937 3986 1056 4069 plausu
1072 3992 1234 4072 exceptus
1246 3987 1385 4056 Romam
1396 3995 1489 4057 venit

503 4076 585 4162 prid.
605 4077 691 4143 Non.
713 4073 809 4162 Sept.
837 4077 1002 4144 Postridie
1025 4083 1170 4166 senatui,
1211 4082 1331 4149 deinde
1355 4084 1490 4172 populo,

503 4173 663 4236 concione
689 4188 711 4235 a
739 4172 930 4238 consulibus
961 4171 1041 4237 data
1076 4177 1205 4261 gratias
1239 4172 1345 4265 egit!
1397 4177 1489 4245 Prid

503 4264 579 4330 Kal.
593 4261 666 4369 Det.
679 4259 796 4331 Cicero
813 4264 901 4349 apud
918 4266 1092 4350 pontifices
1106 4288 1167 4353 pro
1183 4271 1282 4336 domo
1299 4271 1389 4338 dicit.
1414 4272 1489 4338 Do-

396 4407 490 4420 -
790 4411 895 4424 Ἁ-

541 4488 571 4550 1)
590 4482 646 4538 Ch.
665 4481 699 4536 ad
719 4488 777 4539 Art.
793 4484 845 4537 lii.
862 4491 903 4543 15.
943 4492 974 4555 2)
993 4505 1043 4559 pro
1056 4489 1147 4543 Senio
1165 4488 1209 4545 1i.
1249 4496 1277 4559 ὅ)
1299 4490 1418 4545 Omnem
1440 4508 1488 4546 ra-

504 4562 610 4612 tionem
629 4557 694 4614 lacti
716 4579 743 4613 ei
761 4561 872 4614 consilii
892 4565 934 4613 aui
951 4568 1078 4636 exposuit
1093 4566 1190 4617 Cicero
1205 4584 1254 4638 pro
1270 4567 1341 4624 Sese.
1357 4573 1487 4627 16-22.

504 4652 553 4705 pro
574 4633 667 4689 Plano.
688 4638 817 4697 35-57·
838 4641 866 4689 in
887 4638 1014 4693 Pisonem
1031 4644 1058 4696 9.
1097 4642 1127 4708 h)
1149 4658 1198 4712 pro
1217 4643 1287 4697 Seu.
1305 4647 1371 4716 zia,
1390 4645 1486 4719 proc.

504 4709 615 4764 liubirio
639 4716 684 4767 17.
729 4711 759 4781 h)
786 4729 834 4783 pro
857 4711 949 4766 i‘leue.
970 4715 1015 4771 io·
1038 4715 1084 4772 lii·
1128 4718 1159 4778 bi
1185 4736 1236 4788 pro
1257 4721 1327 4774 aen.
1350 4722 1487 4783 {ir-it.

502 4786 635 4845 tir-58.
650 4787 781 4844 tio-ea
800 4789 829 4839 in
843 4788 972 4841 Pisonem
988 4794 1031 4847 15.
1077 4787 1106 4862 7)
1127 4790 1160 4844 ad
1176 4799 1233 4847 hrt.
1245 4794 1293 4847 lv.
1310 4804 1333 4852 1.
1353 4813 1403 4871 pro
1417 4798 1486 4852 sen,

299 4912 303 4925 ,
384 4890 391 4957 p
502 4863 548 4920 63.
568 4864 596 4911 in
612 4862 737 4915 Pisonem
754 4865 799 4915 22.
