3322 5578
576 366 816 455 ntsroum.
1342 390 1384 452 ss

138 532 237 597 Anno
258 531 358 598 Urbis
378 530 618 599 DOLXXXII.
642 532 811 596 Ciceronis
830 529 1013 594 XXXVII.
1034 551 1120 595 coss.
1132 529 1284 611 fuerunt

53 664 117 739 tu.
154 662 399 740 aurnuns
434 660 771 843 ORES'l'b'SShIPA
802 660 1086 740 CORNELIUS
1114 658 1412 743 LENTULUS,

125 917 266 981 Orestes
300 915 404 1001 gentis
434 913 586 980 Aureliae
615 935 795 1000 cognomen
828 926 896 980 est:
931 886 1072 979 sedhic
1103 914 1236 979 Orestes
1270 934 1286 975 a
1320 911 1396 993 Cn.¹

47 1012 175 1076 Aufidio
205 1013 398 1095 adoptatus,
429 1023 463 1074 ut
493 1009 611 1083 Cicero
646 1030 709 1092 pro
737 1013 833 1074 doura
865 1032 938 1092 cap.
970 1010 1023 1073 13.
1050 1010 1110 1085 ait,
1145 1008 1206 1074 Cn.
1235 1007 1383 1071 Aetlidlus

47 1108 177 1172 Orestes
205 1106 308 1169 dictus
336 1105 410 1170 suit.
456 1104 520 1172 Cu.
555 1105 723 1184 Orestem,
755 1128 825 1169 cnm
852 1105 998 1168 tribunus
1023 1103 1112 1186 pleb.
1137 1123 1207 1167 esse
1234 1124 1297 1166 non
1324 1122 1383 1183 po-

45 1200 172 1277 tuisset,
198 1201 365 1265 consulem
389 1200 506 1264 iactum
529 1200 573 1265 ait
595 1199 715 1267 Cicero
733 1220 796 1283 pro
821 1200 955 1264 Plancio
983 1220 1057 1282 cap.
1081 1198 1136 1262 il.
1181 1198 1269 1261 Idem
1286 1217 1380 1279 prae·

46 1306 91 1359 tor
121 1296 271 1360 urbanus
301 1293 363 1357 suit
390 1315 475 1359 anuo
496 1294 596 1360 Urbis
623 1294 875 1371 Dctxxvl„
910 1304 946 1357 ut
970 1315 1012 1357 ex
1040 1291 1177 1357 Valerio
1206 1291 1263 1355 lib.
1297 1288 1382 1354 v11.

46 1411 109 1473 rep.
138 1392 174 1453 7.
201 1400 350 1472 apparet.
394 1391 437 1455 P.
467 1389 624 1454 Lentulus
650 1411 721 1452 cum
745 1387 881 1453 Catilina
907 1385 1088 1453 coniuravit
1115 1398 1209 1471 atque
1239 1408 1256 1449 a
1288 1382 1384 1448 Cice·

48 1506 116 1549 mue
142 1485 283 1547 conside
308 1483 339 1547 in
369 1505 498 1547 carcerc
526 1483 744 1569 strangulatus
768 1484 848 1558 luit,
880 1495 914 1546 ut
935 1481 1066 1546 interius
1094 1481 1246 1546 dicemus.
1288 1479 1383 1544 Unde

56 1579 141 1643 Surae
162 1599 351 1662 cognomen
375 1579 551 1655 inuenerit,
575 1581 769 1643 Plutarchus
786 1580 816 1641 in
838 1579 999 1643 Cicerone
1021 1579 1083 1640 hoc
1108 1578 1205 1640 modo
1229 1573 1381 1657 exponit:

61 1674 125 1735 Cam
141 1673 307 1737 Sullanis
327 1673 533 1755 ternporibns
555 1686 717 1756 quaestor
741 1678 919 1754 magnam
936 1674 1003 1734 eine
1029 1667 1383 1753 pecuniaepublicne

59 1765 309 1845 consumpsisset
332 1772 437 1846 atque
455 1763 670 1845 perdidisset,
700 1764 804 1828 Sulla
826 1765 863 1825 id
881 1784 985 1845 aegre
998 1761 1117 1842 ferens
1148 1764 1317 1824 rationem
1337 1756 1381 1820 ab

53 1874 86 1916 eo
103 1857 137 1917 in
160 1863 287 1919 senatu
313 1856 448 1936 exegit,
477 1864 550 1917 tum
575 1855 635 1920 ille
662 1858 875 1941 negligenter
904 1863 937 1917 et
966 1873 1046 1916 cunr
1079 1861 1276 1934 contemptu
1304 1874 1383 1936 pro·

53 1966 177 2029 gressus
215 1947 386 2008 rationem
413 1966 448 2009 se
478 1944 689 2010 redditurum
719 1947 876 2029 negant:
914 1963 1032 2006 suram
1063 1952 1126 2006 ant
1161 1936 1165 1945 ἱ
1211 1942 1383 2024 praebitu-

55 2060 140 2117 rum,
179 2038 231 2098 ita
254 2044 293 2098 ut
319 2038 422 2116 pueri
441 2046 676 2115 consuessent,
707 2057 790 2103 eune
821 2038 856 2098 iu
879 2035 975 2116 pilae
997 2034 1129 2098 lusione
1176 2034 1383 2117 eliqnissent.

53 2128 139 2191 Hinc
161 2126 259 2189 Sura
280 2129 548 2207 cognominatus
573 2127 670 2207 fuit,
703 2146 785 2189 sura
816 2128 905 2191 enim
937 2126 1096 2188 Romanis
1123 2135 1172 2188 est
1201 2146 1260 2206 ea,
1292 2145 1384 2210 qnae

53 2218 182 2282 61αωὺ
204 2211 311 2303 κνήμη
334 2215 488 2303 dicitnr„
516 2219 679 2280 Hactenus
706 2218 900 2282 Plutarchus
922 2239 996 2300 cap.
1021 2217 1072 2279 tt.
1118 2215 1242 2279 Bellum
1265 2216 1384 2280 servile

53 2309 104 2373 iau
122 2310 256 2374 tertium
277 2328 391 2373 annum
414 2330 484 2373 cum
509 2312 666 2393 Spartaco
692 2313 885 2393 gerebatur,
914 2333 985 2373 cum
1016 2312 1068 2374 M.
1094 2308 1214 2374 Crasso
1236 2311 1383 2392 praetori

53 2404 80 2466 id
102 2407 284 2468 nudarum
307 2417 338 2467 ct
362 2427 418 2466 sex
447 2407 814 2469 ureusibus'conleetum
844 2403 922 2483 l'uit,
957 2415 992 2466 ut
1014 2401 1182 2485 Appianas
1208 2403 1293 2468 libro
1316 2403 1384 2486 pri·

56 2520 101 2562 uo
123 2511 275 2563 extremo
293 2498 406 2562 scribit
429 2521 500 2581 cap.
525 2500 598 2562 120.
651 2502 762 2586 ltaque
788 2499 911 2564 Crasso
939 2511 1004 2561 tntu
1036 2500 1222 2580 permissum
1241 2499 1384 2562 ,Plutar-

65 2593 129 2656 eluu
154 2593 218 2670 ait,
246 2605 280 2655 ut
306 2614 407 2657 ovans
435 2594 555 2657 Urbem
578 2593 683 2659 iniret.
727 2594 812 2657 Hinc
844 2594 963 2660 Cicero
987 2592 1017 2654 in
1044 2592 1197 2657 Pisonem
1220 2614 1295 2675 cap.
1320 2592 1381 2655 il:

66 2685 184 2765 statu,
212 2685 319 2769 pudet
342 2707 395 2750 me
422 2688 485 2749 tui.
527 2686 620 2765 Ouid
638 2698 706 2765 est,
742 2687 839 2771 qnod
867 2685 1030 2767 consecto
1048 2686 1382 2765 formidolosissimo

60 2772 153 2850 tetta,
174 2797 346 2841 eoronam
367 2777 468 2840 illum
488 2778 647 2843 lauream
669 2779 733 2842 tibi
751 2788 928 2860 tantopere
952 2777 1090 2842 deeerrn
1113 2778 1262 2843 volneris
1285 2799 1310 2841 a
1336 2799 1384 2842 se·

56 2866 154 2929 natu?
198 2866 387 2932 Exercitum
417 2871 529 2932 eodem
560 2881 704 2954 tempore
738 2891 778 2932 ex
811 2869 969 2952 Hispania
998 2868 1031 2930 in
1056 2866 1385 2950 Italiathompeius

55 2961 172 3026 reduxit
196 2974 228 3025 et
250 2962 393 3047 quinque
417 2962 501 3027 milia
530 2966 761 3051 lugitivorum,
785 2964 840 3050 qui
863 2986 880 3027 e
902 2963 1031 3047 proelio
1054 2962 1261 3045 anstrgerant,
1286 2964 1385 3025 iuter-

56 3055 140 3131 leeit,
165 3069 262 3142 atque
291 3059 332 3119 ad
359 3069 523 3135 senatum,
557 3073 688 3125 arrctore
716 3062 910 3136 Plutarcho,
942 3055 1087 3141 scripsit:
1122 3057 1278 3122 Crassum
1305 3052 1384 3121 acie

55 3151 263 3233 gladiatores
275 3150 432 3231 fudisse,
462 3173 496 3216 se
517 3153 646 3219 bellum
666 3154 832 3217 radicitus
852 3155 1039 3221 sustulisse.
1081 3151 1168 3214 Hinc
1200 3147 1319 3213 Cicero
1349 3146 1384 3210 in

57 3241 225 3306 blasiliae:
255 3262 327 3323 cap.
355 3243 429 3304 ll.:
466 3243 573 3311 Testis
593 3254 642 3309 est
663 3247 786 3310 iterum
813 3253 846 3309 et
865 3248 1003 3326 saepius
1026 3245 1152 3326 ltalia,
1184 3262 1274 3326 quae
1302 3261 1385 3304 cum

58 3337 162 3400 serviti
188 3335 281 3400 bello
305 3344 391 3398 tetro
422 3337 688 3420 periculosoque
711 3344 937 3417 premeretur,
967 3333 1011 3397 ab
1034 3336 1102 3398 hoc
1128 3333 1305 3396 auxilium
1326 3327 1384 3392 ab·

58 3436 135 3490 roste
156 3427 339 3506 expetivit:
361 3425 458 3509 quod
481 3426 609 3491 bellum
636 3430 893 3510 exspectatione
914 3427 1068 3505 Pompeii
1090 3430 1308 3487 attenuatum
1332 3428 1383 3481 at·

61 3538 115 3601 que
145 3517 367 3578 immotum
394 3526 461 3597 est,
492 3515 636 3583 adventa
665 3518 841 3583 sublatum
869 3536 914 3579 ae
947 3517 1131 3597 sepultum.
1172 3511 1278 3576 Huius
1305 3510 1383 3575 belli

59 3606 192 3673 confecti
213 3604 351 3691 gloriam
381 3605 501 3672 Cicero
532 3628 593 3688 pro
608 3612 611 3617 ’
626 3610 733 3675 Sestio
762 3630 833 3691 cap.
863 3609 916 3671 31.
943 3607 1018 3669 item
1044 3606 1302 3687 ad·Pompeium
1334 3605 1383 3668 his

61 3703 155 3766 serbis
185 3700 358 3764 transfert:
398 3701 467 3779 Qui
491 3704 595 3767 etiam
628 3705 764 3770 servitia
794 3706 915 3767 virtute
947 3702 1161 3785 victoriaque
1190 3700 1386 3765 domuisset.

59 3796 171 3862 llltimo
198 3795 292 3859 buius
323 3793 395 3857 anni
427 3792 497 3868 die,
539 3793 643 3876 pridie
676 3815 768 3880 quam
801 3793 1000 3858 consulatum
1029 3790 1141 3866 iniret,
1186 3790 1381 3873 Pompeius,

60 3890 140 3955 uum
162 3900 245 3953 tune
268 3910 366 3973 eques
389 3889 571 3962 Romanus,
595 3911 637 3953 ex
660 3885 817 3970 Hispania
838 3907 974 3972 procos.
995 3883 1220 3967 triumphavit:
1244 3896 1279 3946 nt
1300 3883 1383 3947 Vel·

59 3984 128 4050 Hus
148 3985 239 4049 libro
269 3984 316 4050 11.
346 4002 419 4064 cap.
446 3982 500 4046 30.
527 3982 652 4047 scribit.
697 3983 748 4046 De
778 4004 843 4065 qtto
874 3978 1037 4062 triumpho
1068 3977 1186 4044 Cicero
1215 3998 1277 4059 pra
1309 3977 1383 4059 lege

57 4078 186 4144 Manilia
211 4100 284 4161 cap.
310 4079 385 4140 tt:
412 4080 504 4158 Quid
522 4088 596 4142 tam
616 4075 833 4149 incredibile,
861 4094 968 4157 quam
992 4081 1029 4135 nt
1055 4075 1177 4136 iterum
1199 4089 1301 4152 eques
1324 4069 1384 4130 llo·

58 4193 171 4238 uanus
194 4194 239 4238 es·
261 4182 397 4237 numus
420 4170 579 4233 consulto
601 4165 876 4248 triumphareti¹

134 4354 231 4420 hmo
253 4355 350 4421 Urbis
370 4352 627 4420 DCLXXXHI.
650 4353 817 4443 Ciceronis
837 4351 1023 4417 XXXVII.
1046 4372 1132 4415 coss.
1145 4349 1297 4431 fuerunt

64 4482 130 4561 CN.
184 4484 441 4562 POMPEIUS
485 4484 717 4581 MAGNUS,
762 4486 812 4558 Μ.
861 4480 1091 4559 LIClNlUS
1141 4466 1381 4555 CRASSU'S.

135 4632 328 4718 Pompeium
346 4654 388 4696 ex
408 4633 444 4695 S.
466 4630 509 4696 C.
529 4631 656 4716 legibus
671 4632 827 4707 solutum,
853 4630 1017 4696 consulem
1037 4627 1263 4701 antefactum,
1287 4645 1385 4709 quam

67 4724 149 4790 ullum
175 4728 268 4793 alium
294 4726 514 4813 magistratum
539 4747 599 4811 per
626 4727 715 4810 leges
738 4745 852 4808 capere
879 4720 1040 4798 licuisset,
1065 4718 1184 4785 Cicero
1213 4718 1247 4781 iu
1277 4716 1386 4781 Mani·

68 4881 275 5013 1tt'rtuplhlmuc
297 4899 404 4937 mnam
422 4881 580 4938 Huschkins
600 4884 631 4933 tu
652 4879 737 4934 Anat.
758 4883 823 4934 crit.
847 4896 872 4953 p.
892 4877 938 4936 93.
955 4888 1031 4929 reete
1051 4870 1135 4927 refert
1155 4874 1310 4925 oratiorum
1335 4884 1386 4940 pro

185 4964 220 5016 ,οὒ

3 5118 4 5131 ,
124 5067 245 5118 onomast.
272 5067 327 5117 Cle.
347 5069 370 5115 l.
1069 5034 1089 5096 3
