3302 5584
519 430 846 500 TUSCULANAE.
1153 432 1162 445 '
1283 436 1345 499 373

112 606 150 623 —-
175 578 383 647 Tusculanae
409 560 640 663 Quaestiones.
681 580 859 647 Accedunt
886 581 1046 648 lectiones
1072 560 1199 647 vacet
1220 583 1343 648 docto-

35 692 108 754 rum,
133 676 309 758 praecipue
337 669 386 738 ci.
401 675 560 740 Boulierii
589 676 810 741 coniecturae.
859 675 1045 767 Gisgone,
1075 679 1108 741 in
1135 676 1209 741 aed.
1231 673 1340 742 Acad.

34 785 96 832 exc
114 766 239 832 Rohert
261 767 376 833 Foulis
399 765 515 845 1744.
561 764 623 834 12.

105 854 209 918 Editio
230 854 338 924 nitida.
381 858 432 919 Ad
455 857 561 942 κρίσιν
583 857 836 943 Tusculanarum
857 856 1033 939 Disputatt.
1054 858 1084 921 in
1108 857 1217 940 primis
1238 836 1338 940 perti·

33 958 90 1011 aet:
114 948 131 984 ‘³
147 951 176 1011 T
179 949 341 1011 usculaues
363 952 402 1012 sle
418 947 561 1013 Ciceron
584 951 736 1013 traduites
754 973 811 1032 par
827 953 1006 1016 Messieurs
1026 954 1168 1016 Bouhier
1189 965 1219 1015 ct
1234 952 1336 1016 d’Oli·

31 1053 87 1104 vet.
120 1043 213 1124 (onec
234 1046 265 1106 le
286 1055 381 1106 texte
403 1044 520 1125 latin.)
556 1040 667 1117 Paris,
691 1045 859 1108 Gandouin
883 1048 977 1111 1737.
1011 1049 1131 1114 evol.
1155 1049 1186 1110 3.
1222 1047 1337 1125 (itte-
1410 1062 1414 1083 ¹

31 1157 162 1217 narques
182 1146 237 1201 suc
261 1135 400 1202 Cice'ron
422 1158 482 1221 par
505 1137 558 1202 M.
581 1136 610 1199 le
632 1138 802 1201 Presidcot
823 1140 978 1205 Bouhier.
1020 1143 1180 1206 Nouveile
1198 1140 1334 1206 e'ditiou.

32 1229 130 1304 Paris,
152 1231 185 1295 J.
207 1232 341 1295 Barbou
363 1233 456 1301 1766.
500 1232 545 1311 8.)

100 1359 139 1372 ··
158 1360 199 1371 -
222 1349 302 1399 cura
322 1334 423 1417 atque
444 1330 607 1397 industria
625 1332 697 1397 lani
721 1331 871 1401 Gulielmi
895 1339 928 1401 et
948 1335 1022 1401 Iani
1044 1335 1179 1406 Gruterl
1200 1330 1337 1417 emend,

30 1438 149 1511 recogn.
169 1442 190 1489 a
210 1425 279 1491 lac.
300 1425 483 1492 Gronovio.
526 1426 674 1511 Berolini
698 1422 812 1491 1715.
856 1424 918 1492 12.

98 1554 138 1566 -
158 1515 419 1586 Tusculanarum
440 1518 699 1604 disputationum
719 1522 793 1587 libri
814 1521 855 1586 V.
888 1522 1047 1610 hundini,
1069 1524 1161 1610 typis
1182 1521 1338 1592 31.Βο-

33 1626 115 1697 uyer
133 1608 248 1678 1733.
291 1614 326 1679 a

101 1732 140 1747 -
159 1705 215 1771 Bx
236 1725 302 1774 rec
323 1709 350 1773 Ι.
370 1706 414 1773 Α.
432 1704 578 1772 Ernesti.
619 1706 727 1774 Halae
750 1702 951 1798 Orphanotr.
974 1707 1089 1778 1739.
1134 1708 1195 1778 12.
1396 1752 1400 1757 -

102 1793 169 1871 e*
191 1826 234 1840 -
255 1826 295 1841 -
316 1800 461 1869 Accedit
481 1802 613 1867 libellus
633 1804 829 1868 variantium
851 1806 1039 1872 lectionum.
1080 1806 1232 1894 Lipsiae,
1255 1823 1341 1889 pro·
1402 1804 1406 1813 ’

32 1894 88 1958 stat
106 1892 193 1979 apud
212 1893 397 1981 Loeperum
417 1894 534 1964 1739.
579 1892 640 1961 12.
682 1917 782 1984 pepp.
805 1898 903 1968 368.
947 1902 1056 1968 RRR.
1447 1900 1450 1905 ’

101 1984 212 2069 Longe
242 1985 434 2051 rarissimam
466 1989 547 2052 hanc
567 1991 630 2054 Ed.
661 1988 787 2051 cirravit
816 1991 845 2054 l.
870 1991 937 2054 Iac.
961 1991 1099 2066 Reiske,
1132 1990 1187 2074 quii
1213 1989 1246 2053 in
1274 1989 1337 2051 fine

31 2074 127 2141 adiecit
155 2101 241 2143 varr.
272 2079 361 2143 lectt.
390 2102 432 2145 ex
458 2083 541 2145 Edd.
566 2094 645 2147 vett.
673 2096 706 2147 et
731 2105 803 2147 suas
826 2084 1028 2149 coniecturas
1056 2086 1087 2147 in
1107 2086 1233 2167 priores
1257 2088 1338 2146 duos

30 2169 127 2237 libros.
169 2173 276 2238 Multa
291 2175 357 2253 ⁶ille
386 2175 564 2261 eollegerat
589 2181 629 2240 ad
649 2177 836 2244 Ciceronem
860 2181 1021 2260 facientia,
1047 2203 1127 2267 quiae
1159 2200 1241 2242 nunc
1264 2178 1338 2241 sor·

32 2274 99 2328 tasse
124 2265 155 2330 in
182 2268 272 2361 Bibi.
297 2270 385 2359 regia
415 2270 588 2333 Havniensi
618 2286 832 2337 asservantur.
884 2274 973 2337 Miro
1003 2295 1078 2336 casu
1107 2295 1148 2335 ex
1176 2269 1339 2336 Schuetzii

31 2356 206 2425 Bibliotheca
238 2363 391 2449 acquisivi
420 2363 518 2447 ipsius
547 2364 668 2429 Reiskii
694 2370 873 2451 exemplar,
908 2371 959 2431 cui
988 2369 1186 2432 coniecturas
1216 2365 1340 2450 aliquot

32 2472 116 2517 novas
146 2457 327 2540 adscripsit.
380 2460 453 2523 Alia
487 2465 681 2548 exemplaria
714 2475 838 2527 exstant
870 2461 1042 2547 Gottingae
1077 2473 1109 2525 et
1141 2460 1272 2544 Lipsiae
1307 2458 1340 2521 in

33 2547 103 2613 Bihl.
125 2550 272 2616 Senatus.

101 2659 187 2723 Ε-
218 2650 478 2724 Tusculanarum
507 2656 766 2747 disputationum
796 2658 870 2724 libri
896 2655 937 2723 V.
968 2676 1011 2723 ex
1038 2672 1104 2721 rec.
1130 2652 1221 2720 Frid.
1249 2653 1343 2741 Aug.

33 2741 141 2901 {pepigi
177 2744 337 2903 iplceedlt
364 2749 542 2820 diversitas
567 2756 722 2826 lectionis
748 2752 979 2819 Ernestiauae.
1027 2750 1177 2836 Lipsiae,
1204 2741 1342 2818 Cresius

104 2927 195 2991 Nora
219 2932 403 3017 etegregia
422 2936 579 3002 recensio.
621 2936 781 3002 Maiorem
805 2934 1005 3013 Editionem,
1035 2955 1128 3020 quam
1150 2930 1344 3014 promiserat

36 3015 176 3099 Woliius,
201 3045 360 3108 utinquam
383 3031 478 3098 dedit.

103 3150 141 3163 -
160 3151 202 3165 -·
224 3120 415 3195 Secundum
437 3134 564 3197 textum
587 3132 789 3205 Woldanum
811 3129 931 3217 edidit,
960 3127 1193 3195 commentario
1205 3142 1343 3283 perpe-

34 3211 80 3276 tuo
95 3214 272 3283 illustravit
286 3221 312 3285 I.
328 3222 368 3289 G.
383 3220 547 3292 C.Neide.
580 3227 715 3311 Lipsiae
737 3224 772 3291 et
793 3226 910 3311 lenae,
932 3222 1129 3289 Brommann
1152 3213 1203 3285 17
1233 3220 1268 3282 3.
1304 3218 1340 3279 3.

99 3301 182 3369 Cura
201 3309 369 3375 admodum
393 3314 561 3379 mediocris
586 3336 688 3401 neque
708 3306 789 3407 niune
811 3325 886 3397 post
909 3311 1145 3378 Kiihnerianam
1167 3307 1258 3371 ullius
1281 3305 1343 3369 uli·

32 3393 124 3462 litatis.

100 3532 139 3546 -
159 3535 201 3551 -·
222 3508 280 3576 Ad
302 3512 385 3594 optt.
399 3507 505 3575 Edltt.
527 3508 641 3576 recudi
665 3513 797 3577 curavit
816 3513 851 3576 et
872 3508 1030 3574 selectam
1051 3506 1206 3573 lectionis
1227 3504 1343 3569 varie-

32 3593 117 3663 tatem
139 3602 262 3670 adieeit
282 3603 326 3670 Α.
347 3602 397 3669 Μ.
419 3602 495 3668 Kdl.
539 3605 755 3694 wirceburgi
780 3598 895 3670 1793.
939 3602 974 3667 3.

101 3723 141 3775 ‚-
160 3723 201 3737 ···
223 3698 344 3763 Latine
366 3701 400 3763 et
421 3697 617 3765 Germanice
638 3703 775 3766 aucto-‚e
796 3698 946 3766 Xaverio
965 3696 1160 3762 Weinzierl.
1193 3692 1341 3785 Monaci,

30 3780 162 3853 Lentner
186 3789 302 3857 1805.
345 3791 380 3858 3.

101 3893 122 3954 Ε
141 3878 170 3933 ⁴²
192 3911 234 3925 ··
254 3918 296 3928 -
317 3884 398 3953 Cum
416 3888 649 3954 commentario
666 3888 715 3952 lo.
729 3886 857 3952 Davisii
873 3884 976 3952 edidit
994 3883 1081 3949 liud.
1096 3881 1225 3951 Godoh.
1240 3880 1342 3946 ltath.

30 3968 193 4047 Accedunt
209 3980 371 4047 Richardi
386 3981 530 4048 Bentleii
553 3979 800 4047 emendationes
820 3985 854 4046 ct
871 3980 1008 4046 editoris
1029 3978 1195 4064 praefatio
1213 3977 1340 4043 critica.

31 4062 141 4158 Huic,
160 4072 312 4143 Kimmel
335 4072 453 4139 1303.
495 4076 529 4140 3.
550 4077 623 4139 moi.

99 4175 179 4237 fi·-
201 4198 242 4210 -
264 4167 442 4235 Tusculan.
464 4167 637 4254 disputott.
659 4168 715 4233 lib.
729 4168 770 4233 V.
792 4186 864 4234 cnm
887 4167 1120 4232 commentario
1142 4166 1191 4231 lo.
1208 4165 1337 4230 Davisii

28 4254 319 4328 ichneumonum
338 4263 631 4330 emendationibus
663 4259 776 4326 Editio
791 4278 891 4324 nova.
924 4257 1103 4325 Accedunt
1116 4258 1213 4324 Rich
1227 4259 1338 4323 Beni-

26 4345 71 4412 lrii
91 4352 343 4422 emendationes
356 4356 517 4423 haetenus
536 4355 691 4422 ineditae.
734 4350 904 4435 oxoniae,
933 4372 976 4419 ex
996 4356 1132 4444 typogr.
1149 4349 1350 4420 claranda·

27 4443 115 4510 tiana
138 4447 252 4514 1305.
296 4447 330 4514 3.
352 4452 424 4513 mai.

98 4536 188 4600 Hane
207 4540 272 4603 Ed.
303 4538 427 4601 curavit
449 4538 638 4619 Gaislordrrs
668 4549 699 4601 et
729 4559 769 4602 ex
798 4536 935 4602 Bentleii
961 4535 1092 4600 Schedia
1122 4537 1337 4620 supplementa

26 4634 108 4705 tttpte
132 4633 348 4696 correctiones
371 4620 520 4717 priormh
548 4632 813 4697 Emendationnm
843 4633 968 4713 (1709.)
997 4630 1125 4695 addidit.
1169 4630 1336 4713 Repetitao

27 4727 90 4777 tunt
112 4720 169 4785 hae
197 4746 292 4789 curae
322 4727 477 4790 secundae
510 4747 528 4789 a
557 4720 699 4791 Bardiiio
729 4727 764 4791 ia'
790 4728 937 4790 Seebode
971 4728 1108 4792 Archiv.
1141 4727 1256 4811 Jahrg.
1288 4726 1335 4790 11.

28 4805 99 4871 Heli
117 4812 150 4878 7.
172 4816 206 4883 S.
226 4820 416 4885 199-278.
440 4832 471 4885 et
491 4819 521 4883 in
543 4843 611 4913 anea
633 4823 765 4886 Tuscul.
790 4821 941 4886 Editionc
963 4822 1130 4905 separatim
1151 4843 1280 4885 excursa.

102 4943 142 4957 -
160 4948 202 4966 ..
221 4918 279 4986 Ad
304 4923 387 5006 optt.
405 4920 569 4988 editiones
589 4921 705 4988 recudi
724 4925 856 4988 curavit
877 4926 913 4988 et
931 4924 1089 4989 selectam
1106 4922 1261 4989 lectionis
1274 4938 1341 4988 va-

30 4997 169 5076 rietatem
188 5011 310 5083 adiecit
328 5014 373 5082 A.
392 5014 442 5083 M.
462 5015 538 5085 1131.
577 5014 1086 5102 Haunoverae,Hahu1808.
1129 5018 1166 5085 3.
1184 5017 1257 5087 mal.
