3348 5584
571 390 855 469 Prtannarto.
1130 360 1137 373 “
1320 394 1382 465 ast

76 552 151 624 qnae
164 534 308 619 scaliger
320 536 362 596 ad
381 535 654 620 comprobandam
674 550 762 595 snam
786 533 971 597 sententiam
990 533 1113 610 maala,
1144 534 1244 598 smalto
1268 535 1380 601 melina

76 638 260 705 conveniunt
280 649 422 703 nostrae.
474 637 599 701 Etenim
626 634 763 717 epistola
792 638 831 698 ad
860 637 1011 715 Quintum
1039 636 1186 715 fratrem,
1223 660 1305 721 quae
1334 650 1382 703 est

75 742 160 808 tertia
182 741 255 804 libri
277 739 422 814 secundi,
447 739 563 821 scripta
589 752 636 802 est
658 738 767 805 Pridie
780 740 857 803 Idus
872 741 972 803 Febr.
995 741 1038 803 A.
1056 742 1097 806 U.
1114 740 1207 817 698„
1231 742 1294 805 boc
1319 753 1378 819 est,

75 845 119 909 die
134 846 193 907 dll.
217 842 383 909 Februarii
405 845 450 907 A.
476 865 505 905 a.
526 840 607 906 Chr.
632 843 702 919 50„
726 842 781 905 vel
798 845 967 906 seeundum
984 842 1179 927 scaligerum
1198 843 1281 908 XV.
1303 844 1381 909 Kal.

76 944 203 1013 Martias
231 968 286 1010 sen
309 944 359 1009 die
387 946 439 1009 13.
463 943 644 1009 Februarii.
701 946 791 1026 Qttae
824 966 864 1009 ex
900 946 1043 1031 sequenti
1071 947 1225 1029 epistola,
1260 947 1383 1015 Martie

76 1072 172 1114 mense
190 1051 327 1114 eiusdem
352 1049 423 1111 anni
447 1049 586 1131 scripta,
617 1048 739 1126 attulit,
769 1046 801 1112 in
822 1050 881 1110 hac
906 1048 1091 1131 quaestione
1112 1050 1226 1113 nullam
1255 1051 1383 1113 omnino

74 1155 129 1218 rina
150 1155 280 1218 habent.
338 1150 562 1216 consideranti
587 1151 667 1214 eaitn
691 1162 791 1215 totum
814 1152 949 1225 locnml
982 1173 1046 1214 nou
1075 1165 1184 1234 potest
1211 1155 1382 1217 obscurum

74 1278 153 1332 esse,
177 1255 370 1321 Ciceronem
394 1254 483 1340 loqui
507 1257 545 1317 de
562 1254 664 1318 laieane
687 1268 762 1335 post
787 1254 893 1336 plnres
917 1268 1041 1319 menses
1070 1256 1189 1320 statura.
1234 1255 1383 1339 Epistola

72 1364 106 1423 ad
132 1359 289 1433 Atticum,
330 1370 484 1441 quaeest
514 1358 607 1422 tertia
636 1357 716 1421 libri
738 1358 842 1432 Vlll,
885 1357 1003 1441 scripta
1031 1371 1078 1422 est
1105 1381 1135 1424 a.
1170 1363 1200 1423 d.
1227 1361 1275 1424 X.
1305 1360 1381 1425 Kal.

73 1465 165 1538 Mart.
185 1464 232 1526 A.
256 1463 299 1527 U.
326 1462 406 1535 7⁰53
432 1478 477 1524 ex·
497 1473 606 1525 nestra
626 1462 724 1546 igitur
749 1460 900 1527 sententia
923 1460 972 1524 die
993 1463 1048 1525 31.
1069 1461 1258 1527 Decembris
1285 1466 1331 1528 A.
1354 1485 1384 1529 a.

74 1566 148 1632 Cltr.
177 1566 231 1629 50.
277 1565 424 1647 Epistola
453 1565 485 1628 3.
509 1564 566 1627 lib.
590 1565 654 1628 IX.
681 1567 751 1627 ‹lata
779 1576 826 1627 est
851 1565 935 1628 vll.
962 1566 1012 1627 Id.
1038 1566 1141 1629 Mart.
1171 1564 1380 1645 eitun-aaut,

75 1668 177 1744 idest,
200 1666 252 1730 die
274 1670 326 1731 17.
350 1667 491 1731 Ianuarii
515 1669 560 1733 A.
584 1689 614 1731 a.
640 1667 721 1731 Chr.
745 1669 854 1732 49.-—
876 1667 992 1745 Mpuse
1014 1667 1120 1751 Aprili
1148 1668 1261 1733 milites
1279 1669 1309 1733 in
1336 1670 1384 1732 bi·
1432 1750 1435 1755 =
1500 1712 1504 1725 .

74 1773 161 1835 mena
192 1771 348 1836 deductos
378 1791 446 1834 esse
484 1768 601 1861 Cicero
632 1792 785 1855 ntrsquam
813 1769 899 1835 dicit.
944 1772 1038 1835 Harad
1061 1770 1155 1835 drabie
1185 1775 1223 1837 de
1250 1772 1383 1856 epistole

77 1874 228 1939 Pollionis
253 1874 293 1934 ad
315 1871 506 1937 Ciceronem
529 1873 671 1957 loquitur
690 1873 850 1958 Scaliger,
880 1887 1022 1958 quaeest
1047 1875 1100 1937 33.
1122 1876 1177 1941 lib.
1199 1877 1244 1941 X.
1263 1879 1308 1938 »ad
1324 1874 1384 1940 Di·

76 1998 192 2041 sersoa.
245 1974 335 2055 Quae
362 1997 432 2039 eum
458 1988 534 2057 post
560 1979 752 2043 earcadatam
776 1999 792 2039 a
817 1975 957 2041 Caesare
984 1974 1054 2040 anni
1084 1977 1236 2043 rationem
1264 1979 1385 2063 scripta

76 2078 130 2154 sit,
165 2080 227 2142 hnc
252 2098 314 2141 non
343 2078 482 2160 pertinet
502 2092 533 2142 et
560 2080 655 2163 longe
674 2080 765 2142 aliam
790 2079 931 2145 continet
954 2080 1153 2146 sententiam.
1173 2116 1214 2128 -
1236 2082 1385 2164 Epistola
1453 2074 1454 2077 ¹

77 2185 122 2245 ll.
142 2181 212 2245 libri
233 2184 281 2245 V.
304 2182 343 2243 ad
363 2181 504 2244 Atticum
527 2181 646 2264 scripta
668 2195 715 2245 est
736 2183 821 2246 circa
847 2184 912 2249 IX.
934 2186 1009 2249 Kal.
1034 2184 1148 2247 Sextil.
1169 2185 1213 2247 A.
1231 2182 1274 2248 U.
1294 2180 1383 2261 tot..

75 2284 102 2347 id
121 2288 237 2358 est‚·d.
254 2285 306 2347 21.
329 2284 411 2348 lunii
427 2286 472 2348 A.
495 2306 524 2347 a.
540 2284 621 2349 Chr.
639 2287 712 2361 51„
736 2308 796 2349 nec
815 2307 831 2348 a
847 2284 960 2349 Sextili
976 2286 1113 2350 aestiuos
1129 2307 1249 2349 menses
1272 2299 1384 2370 putare

76 2386 197 2470 incipit,
235 2399 273 2450 ut
291 2387 415 2450 vitietur
438 2388 624 2471 scaligero,
656 2390 710 2451 sed
730 2391 791 2451 boe
813 2388 907 2452 dicit:
937 2402 1005 2453 crat
1028 2388 1100 2451 milri
1121 2389 1151 2451 in
1172 2388 1276 2452 animo
1296 2402 1381 2452 reete

77 2488 228 2572 proficisci
249 2493 288 2553 ecl
312 2489 668 2565 exerciturmaestivos
692 2512 813 2554 menses
835 2492 978 2574 reliquos
1001 2492 1048 2554 rci
1067 2491 1192 2555 militari
1217 2494 1314 2567 due,
1334 2493 1384 2555 ni·

78 2595 184 2659 bernes
207 2592 434 2657 iurisdictioni.
462 2629 502 2640 -
532 2594 677 2676 Epistola
698 2595 832 2679 denique
861 2597 917 2677 17,
936 2594 1011 2658 libri
1030 2596 1064 2658 X
1087 2597 1128 2657 ad
1150 2595 1317 2669 Atticum,
1352 2594 1383 2661 ia

80 2719 134 2780 qua
152 2695 387 2781 aequinoctium
404 2717 438 2758 se
458 2708 614 2760 moratum
635 2714 704 2763 este
727 2697 823 2784 dicit,
845 2698 961 2780 scripta
986 2711 1033 2760 cst
1050 2721 1083 2761 a.
1107 2699 1138 2763 d.
1162 2698 1281 2765 xvtl.
1307 2698 1383 2765 Kal.

80 2799 144 2863 lun.
164 2801 207 2864 A.
230 2800 275 2864 U.
302 2800 380 2874 705,
404 2799 435 2862 id
459 2809 525 2877 cst,
550 2800 600 2862 alie
622 2801 677 2863 il.
703 2800 815 2866 Martii
835 2803 879 2867 A.
905 2822 935 2864 a.
961 2799 1041 2866 Chr.
1063 2802 1115 2867 tlt.
1137 2801 1384 2886 Aequinoctium

81 2914 171 2967 antem
190 2904 220 2966 in
244 2904 326 2965 diem
348 2902 401 2966 23.
424 2901 536 2965 Martii
555 2902 674 2969 incidit.

155 3004 304 3070 Attamen
326 3024 377 3071 res
394 3018 440 3068 cst
462 3026 526 3068 non
546 3006 648 3069 solum
666 3007 757 3069 taedii
784 3029 820 3068 ac
840 3007 957 3071 laboris
975 3005 1178 3091 plenissima,
1216 3008 1271 3068 sed
1292 3006 1385 3075 etiam

80 3121 203 3191 propter
227 3106 388 3197 antiquam
417 3108 565 3172 mensium
587 3106 721 3172 lerinam
755 3111 917 3195 (plerique
943 3109 1027 3177 enim
1056 3130 1177 3172 menses
1206 3122 1277 3173 ante
1303 3106 1386 3175 Cae·

80 3232 169 3275 sarem
196 3210 405 3275 undetricenis
429 3210 537 3275 diebus
558 3215 763 3291 constabant)
786 3212 916 3277 difficilis
937 3226 967 3274 et
989 3212 1094 3276 errori
1119 3211 1277 3288 obnoxia,
1303 3232 1385 3296 quo·

80 3312 254 3400 tiescnnqne
280 3314 310 3376 in
333 3315 490 3379 Cicerone
514 3315 621 3378 aliove
641 3314 727 3378 illius
754 3317 904 3398 temporis
922 3318 1080 3398 scriptore
1102 3312 1189 3384 diem.
1210 3320 1247 3377 ad
1269 3318 1386 3380 veteris

79 3415 243 3480 kalendarii
273 3438 414 3481 noctuam
435 3417 648 3500 cosaapositam
673 3414 852 3494 inveneris,
889 3442 957 3481 eum
977 3423 1016 3484 ad
1038 3416 1110 3481 anni
1132 3417 1269 3480 foratam
1290 3418 1385 3481 lulia-

81 3538 143 3580 nam
163 3523 330 3584 reducere.
373 3522 484 3605 ltaque
512 3520 587 3584 milri
611 3540 728 3603 operae
754 3523 888 3604 pretium
920 3523 1061 3585 iactamus
1086 3518 1236 3597 videbar,
1268 3520 1294 3585 si
1315 3520 1385 3603 ipse

83 3619 159 3683 illum
182 3624 326 3686 laborem
347 3622 446 3685 inme
467 3623 660 3705 susciperem
687 3636 716 3687 et
734 3648 799 3688 mea
821 3625 1031 3710 qualicunque
1053 3642 1151 3706 opera
1166 3624 1197 3686 id
1214 3624 1382 3701 efficerem,
1511 3634 1514 3639 '

85 3733 131 3798 nt,
153 3724 205 3807 qui
224 3725 393 3791 Cicermsis
419 3725 569 3808 epistolas
595 3728 758 3812 legerent,
794 3728 861 3792 siae
882 3729 1023 3793 molestia
1049 3741 1080 3792 et
1099 3728 1218 3793 erroris
1241 3727 1384 3810 periculo

84 3845 179 3890 reram
201 3827 319 3895 diertaaa
341 3828 499 3895 rationem
517 3829 657 3897 invenire
676 3843 817 3921 possent.

160 3930 222 4013 Qui
244 3944 347 3997 autem
370 3932 457 4013 assui
476 3945 548 4009 urat
574 3933 623 3997 nis
639 3933 771 4009 tabulis,
795 3935 896 4016 probe
919 3943 1062 4011 teneant,
1087 3952 1135 3996 ane
1152 3930 1270 4013 parius
1291 3941 1385 4011 atque

88 4031 236 4115 ilrelliuan⁸
254 4046 394 4099 seerrtrtm
417 4056 486 4098 csse
509 4057 615 4099 aeram
630 4036 878 4112 Varronianam
904 4036 1086 4101 Sebtltzium
1103 4055 1179 4099 vero
1197 4033 1227 4097 in
1248 4031 1384 4099 editione

88 4134 280 4215 epistolarum
306 4135 473 4203 Ciceronis
499 4138 651 4225 temporis
673 4141 784 4206 ordine
802 4137 1021 4223 dispositarum
1053 4135 1275 4209 Catonianam,
1308 4155 1386 4217 qua·

88 4255 146 4300 ram
168 4239 246 4303 haec
270 4220 436 4309 Ciceronis
460 4242 656 4327 consulatum
683 4243 714 4306 in
739 4246 780 4309 A.
802 4245 844 4308 U.
873 4244 969 4319 690„
999 4243 1050 4306 illa
1070 4239 1100 4303 in
1123 4241 1196 4304 691.
1222 4238 1383 4301 transfert.

88 4336 142 4402 Sed
161 4342 395 4426 perspicuitatis
418 4339 512 4406 cansa
533 4344 563 4407 in
577 4345 648 4409 'liam
670 4347 772 4411 addidi
792 4346 925 4410 indicem
944 4345 1126 4417 consulunt,
1158 4344 1196 4404 ad
1218 4348 1384 4437 ulceraque

87 4454 179 4506 aeram
207 4448 495 4522 accommodatum,
533 4442 670 4526 itemque
703 4449 858 4526 tabulam,
901 4458 1040 4514 veterem
1071 4443 1218 4510 anensium
1247 4440 1384 4509 inamata

90 4564 149 4607 enan
171 4548 293 4616 luliaaa
313 4558 561 4632 comparantem.
986 4536 989 4540 “

1231 4664 1385 4677 non-

121 4717 250 4783 illerbe
278 4724 421 4775 Ciceronis
449 4721 517 4776 haee
548 4736 626 4777 aaut:
658 4723 764 4776 Damna
784 4724 925 4792 statusque
944 4732 1070 4772 nmtrnrn
1089 4716 1247 4771 aedificator
1267 4732 1384 4772 strenue.

93 4785 252 4917 pedemptart
273 4811 320 4850 tae
346 4795 492 4851 dimidium
509 4801 642 4870 paenulae
665 4801 766 4865 enraat.
806 4798 954 4870 sperones
966 4809 1029 4846 ante
1044 4793 1161 4846 blement
1175 4791 1385 4853 contubernales

104 4880 155 4922 ere.
254 4910 259 4923 ,

466 4964 972 4993 „mn-w·-
