3348 5584
583 397 822 463 HISTORIA.
1301 404 1360 466 101

70 535 241 618 aPompeio
265 534 332 598 alae
352 535 441 599 alteri
461 536 660 620 praelectum
690 560 835 625 magnam
853 540 977 606 leudem
1000 554 1032 606 et
1054 564 1072 606 a
1092 564 1214 608 summo
1239 543 1310 608 viro
1330 557 1362 607 et

69 635 96 695 ab
121 630 260 694 exercitu
289 643 493 694 consecutum
527 632 624 696 luisse
659 634 846 717 equitando,
885 635 1077 714 iaculando,
1119 639 1207 703 omni
1236 637 1362 702 militari

66 728 153 801 labore
176 725 356 790 tolerando.
401 727 464 788 Sed
496 728 535 788 ad
565 727 780 808 propositum.
823 726 922 792 Venit
948 731 1003 794 M.
1036 732 1156 796 Brutus
1187 731 1218 795 in
1247 732 1363 799 Mace-

64 819 183 895 doniarn,
207 840 279 883 cum
306 820 348 900 Q.
370 819 549 884 Hortensio
575 821 737 884 decedenti
760 820 802 885 C.
826 823 987 889 Antonius
1007 825 1114 888 Marci
1131 827 1231 890 irater
1253 845 1363 890 succe-

63 918 142 979 deret.
184 915 250 978 Sed
274 914 469 979 Hortensius
491 913 681 991 exercitum,
706 932 798 998 qtrem
826 917 947 980 delectu
970 918 1079 982 habito
1104 920 1359 1004 conscripserat,

62 1012 145 1075 Bruto
164 1008 308 1071 tradidit.
352 1007 458 1093 Legio
482 1007 593 1083 etiarn,
618 1028 709 1092 quam
733 1010 777 1073 L.
800 1010 880 1076 Piso
904 1011 1026 1095 legatus
1048 1013 1182 1077 Antonii
1203 1016 1357 1091 ducebat,

61 1102 191 1171 Ciceroni
215 1101 286 1166 otio
308 1123 342 1165 sc
366 1101 505 1165 tradidit.
549 1101 738 1186 Equitatus,
762 1102 816 1185 qui
844 1103 874 1166 in
902 1104 1025 1187 SyrIam
1052 1107 1369 1190 ducebatur'biper-'

59 1200 121 1274 tito,
151 1197 232 1259 alter
258 1214 330 1258 eram
364 1206 585 1280 quaestorem,
620 1218 637 1259 a
668 1219 733 1281 quo
762 1198 955 1273 ducebatur,
986 1199 1114 1285 reliquit
1136 1202 1167 1263 in
1193 1201 1360 1265 Thessalia

58 1312 171 1376 seseque
201 1291 242 1353 ad
264 1290 398 1352 Brutum
424 1288 579 1352 eontulit:
611 1289 742 1353 alterum
773 1290 805 1352 in
827 1292 1018 1355 Macedonia
1043 1293 1169 1359 Gnaeus
1197 1295 1359 1360 Domitius

59 1389 219 1453 adolescens
242 1406 260 1447 a
286 1385 392 1466 legato
416 1380 568 1464 Syriaco,
593 1382 646 1465 qui
671 1405 687 1445 a
711 1384 885 1448 Plutarcho
907 1382 1008 1449 Cinna
1034 1400 1187 1461 vocatur,
1212 1388 1357 1452 abduxit.

58 1488 91 1551 P.
112 1479 277 1555 Vatinius,
313 1480 366 1561 qrti
390 1477 623 1559 Dyrrhachium
648 1490 879 1559 oeerrpaverat,
913 1491 1022 1562 portas
1053 1484 1156 1548 Bruto
1182 1484 1305 1567 aperuit
1326 1493 1359 1547 et

56 1575 208 1641 canutum
234 1572 376 1637 tradidit.
422 1570 464 1636 C.
484 1571 643 1643 Antonius
665 1592 698 1635 se
721 1573 926 1653 Apolloniam
953 1575 1092 1657 reecpit3
1137 1576 1253 1643 Cicero
1280 1575 1359 1642 Phi-

56 1674 119 1755 lpp.
140 1671 184 1734 X.
218 1689 293 1749 eap.
317 1668 349 1730 5.
373 1677 404 1728 et
426 1666 479 1741 6.,
517 1665 707 1729 Plutarchus
730 1664 758 1726 in
782 1666 886 1729 Bruto
909 1679 940 1731 et
961 1667 1025 1732 Dio
1048 1669 1103 1736 lib.
1124 1672 1280 1748 XLVII,
1305 1670 1360 1734 2⁰.

56 1790 129 1852 seqq.
160 1763 221 1827 Isis
245 1766 285 1825 de
307 1762 403 1824 rebus
425 1758 545 1823 Brutus
568 1758 686 1821 litteras
709 1758 835 1840 publice
858 1760 959 1838 misit,
984 1785 1063 1848 quas
1086 1762 1128 1831 C.
1153 1766 1257 1830 Pansa
1281 1785 1358 1827 con-

57 1861 93 1922 sul
111 1870 218 1923 coacto
242 1866 354 1918 senatu
382 1854 529 1916 recitavit
556 1863 588 1914 et
619 1853 751 1915 Brutum
780 1854 927 1918 oratione
950 1876 1004 1919 sna
1028 1859 1169 1922 ornarit.
1221 1861 1286 1923 Sed
1314 1858 1356 1938 Q.

57 1954 146 2020 Pelius
166 1963 303 2037 rogatus
326 1947 509 2011 sententiam
533 1948 906 2029 Brutrun,oppngnarit.
961 1949 1084 2033 Comen
1116 1976 1207 2037 qrrcm
1236 1952 1355 2019 Cicero

56 2062 105 2113 tnu
125 2044 335 2128 Philippieam
358 2044 506 2107 decimam
529 2040 626 2115 dixit3
660 2060 752 2124 queam
782 2043 901 2104 Brutus
926 2046 1020 2127 epist.
1041 2050 1072 2109 lt.
1097 2049 1135 2111 de
1156 2048 1268 2111 litteris
1291 2046 1356 2110 suis

56 2142 170 2206 habitam
193 2161 267 2204 esse
294 2149 404 2202 eontra
435 2135 587 2202 Calenrun
617 2132 670 2197 ait.
720 2136 801 2196 Erat
829 2137 1023 2218 Apolloniae
1052 2142 1155 2204 adhuc
1184 2139 1226 2206 C.
1250 2141 1356 2206 Anto·

57 2238 111 2299 nius
128 2257 196 2298 cum
218 2244 342 2315 septem
366 2229 572 2302 cohortibus3
603 2227 780 2310 Philippica
810 2230 855 2292 X.
879 2252 950 2313 cap.
976 2236 1008 2296 7.
1059 2236 1138 2298 Inde
1161 2224 1365 2299 Buthrotum

58 2333 229 2393 contendens
252 2328 287 2391 in
308 2326 419 2390 itinere
441 2324 574 2407 primum
595 2333 661 2383 tres
683 2324 833 2384 cohortes
856 2323 975 2399 amisit,
1004 2349 1082 2409 quas
1105 2329 1224 2391 Brutus
1246 2328 1355 2391 conci·

58 2424 106 2487 dit:
136 2423 248 2488 deinde
273 2420 398 2505 proelio
422 2440 493 2481 rum
517 2415 674 2482 Cicerone
696 2413 764 2478 lilio
793 2418 832 2477 ad
862 2416 1017 2496 Byllidem
1048 2421 1217 2485 commisso
1251 2420 1353 2484 vietus

57 2516 82 2579 in
98 2517 181 2581 Bruti
201 2526 396 2598 potestatem
420 2511 523 2586 venit3
559 2521 591 2572 ut
614 2509 804 2572 Plutarchus
824 2508 856 2571 in
879 2510 983 2576 Bruto
1004 2514 1126 2578 scribit.
1178 2513 1352 2579 Antonium

58 2612 156 2674 Brutus
177 2630 287 2673 seeum
311 2607 362 2671 diu
384 2604 561 2670 honorilice
582 2604 693 2668 habuit
720 2624 819 2685 usque
841 2624 901 2682 eo,
941 2619 974 2669 ut
996 2609 1198 2693 magistratus
1219 2604 1354 2692 insignia

58 2702 91 2766 ill
107 2726 164 2767 non
186 2703 362 2767 adimereta
396 2720 489 2785 quam
519 2697 586 2762 eins
609 2696 803 2760 clementiam
826 2697 969 2765 Cicero¹
998 2701 1028 2764 in
1058 2702 1199 2786 epistolis
1224 2704 1262 2765 ad
1283 2720 1353 2764 eram

58 2797 160 2880 seriptis
181 2818 282 2879 saepe
304 2806 442 2858 accusat.
488 2794 570 2867 Sed,
600 2813 668 2854 cum
698 2790 855 2855 Antonius
883 2795 1088 2877 Apolloniam
1110 2808 1251 2871 teneret,
1283 2806 1354 2858 ante

58 2890 170 2954 Kalend.
194 2889 328 2972 Apriles
350 2890 486 2953 Romam
508 2886 634 2948 allatum
655 2883 715 2947 luit
736 2886 774 2947 de
797 2897 899 2951 rnorte
919 2887 964 2955 C.
988 2888 1161 2965 Trebonii,
1197 2910 1289 2971 quem
1311 2890 1354 2952 P.

58 2984 203 3049 Dolabella
220 2985 389 3065 Smyrnae,
419 2979 606 3043 verberibus
628 3000 665 3039 ae
685 2980 862 3056 tormentis,
886 2984 1071 3066 quaestione
1092 2983 1237 3066 publicae
1258 3003 1356 3064 pecu·

59 3076 111 3141 niae
128 3100 182 3161 per
203 3079 335 3141 biduum
357 3075 481 3150 habita,
519 3072 694 3145 interfecit3
727 3070 844 3137 Cicero
873 3074 1015 3159 Philipp.
1040 3076 1200 3140 undecima
1224 3096 1297 3158 cap.
1322 3074 1354 3136 l.

60 3171 153 3236 etDio
174 3172 337 3246 XLVII,
372 3170 425 3233 te.
470 3168 583 3253 ltaque
611 3166 780 3233 Dolabella
804 3191 821 3232 a
844 3180 954 3233 senatu
984 3172 1085 3235 hostis
1106 3169 1258 3234 iudicatus
1280 3165 1353 3236 luit.

61 3264 197 3330 Postridie
219 3287 293 3329 carm
315 3266 346 3326 in
368 3274 477 3327 senatu
501 3274 651 3346 ageretur
672 3266 709 3327 de
738 3262 934 3348 imperatore
966 3264 1151 3347 deligendo,
1186 3261 1239 3347 qui
1267 3259 1355 3347 bello

61 3358 237 3425 Dolabellam
261 3369 524 3445 persequeretur,
560 3355 603 3419 L.
636 3355 756 3421 Caesar
784 3357 907 3422 censuit
931 3356 972 3421 P.
994 3356 1132 3420 Servilio
1154 3355 1355 3420 bochellum

62 3464 129 3516 extra
156 3454 300 3519 ordInem
330 3454 536 3516 mandandum
566 3470 654 3524 esse3
688 3450 757 3519 aliis
786 3451 944 3516 nonnullis
976 3450 1111 3534 placuit,
1146 3461 1180 3512 ut
1209 3448 1356 3512 eonsules

61 3544 225 3612 Dolabellae
256 3544 467 3632 persequendi
495 3562 588 3608 caiisa
620 3543 730 3607 Asiam
766 3557 796 3609 et
824 3545 947 3626 Syriam
977 3541 1180 3608 sortirentur.
1235 3541 1356 3606 Cicero

63 3641 220 3704 amentiam
242 3652 377 3725 rogatus
400 3637 609 3723 Philippieam
630 3638 825 3702 undecimam
848 3638 938 3702 dixit.
976 3639 1014 3701 In
1037 3659 1097 3720 qua
1119 3635 1256 3719 primum
1272 3638 1356 3699 Tre·

65 3732 127 3796 tuo
158 3754 264 3797 casum
301 3734 474 3815 deplorans
506 3731 693 3795 Dolabellae
731 3745 762 3796 et
796 3732 928 3797 Antonii
965 3731 1180 3795 crudelitatem
1210 3723 1356 3792 accusat:

69 3824 291 3891 &ideduabus
312 3826 374 3890 illis
397 3825 559 3890 sententiis
581 3823 728 3888 refutatis
757 3838 882 3900 censet,
922 3835 957 3888 ut
985 3826 1184 3889 Dolabellam
1208 3824 1250 3891 C.
1275 3824 1357 3887 Cas·

66 3915 208 3985 moeno
231 3931 457 4003 persequatur.
511 3920 613 4000 Quam
644 3921 825 3984 sententiam
855 3940 887 3983 se
916 3929 1114 4003 repugnante
1141 3930 1172 3981 et
1201 3917 1356 3981 irascente

64 4009 141 4076 Pansa
168 4015 286 4078 dixisse
319 4017 358 4077 ad
387 4014 520 4078 eninm
549 4014 659 4077 scribit
689 4014 782 4096 epist.
807 4016 839 4079 5.
891 4014 939 4077 Ea
962 4013 1115 4076 sententia
1138 4013 1240 4085 dicta,
1275 4031 1357 4094 quae

63 4102 132 4170 laede
157 4107 323 4183 valuisset,
358 4107 418 4171 nisi
448 4108 549 4172 Pansa
579 4108 781 4171 vehementer
810 4108 1002 4182 obstitisset,
1037 4109 1212 4189 productus
1241 4104 1302 4166 luit
1323 4102 1354 4164 in

63 4201 222 4266 tottionem
253 4224 270 4266 a
294 4202 424 4267 tribuno
452 4203 540 4284 pleb.
569 4202 621 4264 M.
644 4201 803 4277 Servilio,
839 4204 1030 4286 eandemque
1052 4221 1118 4263 rem
1141 4201 1180 4259 ad
1201 4196 1354 4279 populum

63 4311 155 4357 unna
177 4296 382 4359 contentione
404 4294 490 4378 egit3
513 4294 606 4377 epist.
631 4299 660 4359 t.
682 4296 738 4358 lib.
763 4296 848 4361 XII.
873 4297 910 4358 ad
934 4294 1047 4358 Famil.
1092 4291 1248 4353 Extremo
1271 4310 1355 4367 anno

63 4387 204 4467 nominee
226 4387 362 4453 turbinis
384 4389 417 4452 ri
438 4387 657 4464 simulacrum,
681 4393 768 4473 quod
789 4390 843 4453 M.
866 4388 983 4453 Cicero
1006 4397 1077 4448 ante
1098 4384 1208 4447 ceilam
1232 4383 1357 4445 Miner-

63 4496 108 4542 vae
122 4481 236 4563 pridie,
261 4504 357 4567 quam
379 4482 408 4545 in
432 4481 580 4546 exsilium
601 4483 680 4554 iret.
708 4495 877 4564 posuerat,
901 4480 1081 4562 dissipatum
1104 4477 1253 4539 membris
1276 4498 1354 4557 pro·

63 4588 118 4633 tun
138 4574 231 4640 laurit
253 4576 364 4640 fractis
393 4575 549 4650 humeris,
572 4576 731 4650 brachiis,
754 4576 875 4658 capite,
901 4582 1034 4636 mortem
1054 4569 1204 4635 Ciceroni
1225 4582 1356 4649 porten-

64 4663 138 4742 διας
157 4680 190 4733 nt
212 4670 403 4756 obsequens
424 4690 498 4753 cap.
522 4668 596 4733 128.
620 4681 651 4731 et
672 4668 738 4733 Dio
760 4669 817 4732 lib.
841 4669 952 4743 XLV,
977 4671 1029 4729 ll.
1054 4664 1208 4728 scribunt.
1254 4665 1354 4743 Quin·

65 4762 218 4841 matribus,
241 4765 346 4828 idest
363 4765 465 4828 X1V.
490 4763 565 4828 Kal.
587 4763 691 4844 Apu,
716 4775 841 4826 senatus
864 4757 1021 4833 decrevit,
1047 4769 1080 4819 ut
1095 4759 1171 4818 haec
1187 4755 1354 4822 Ciceronis

94 4938 118 4998 ¹)
133 4935 160 4988 ΙΙΙ
175 4954 235 5008 eat,
254 4937 463 4996 Paendcclaern.
