3322 5578
607 334 848 403 Hts‘tosstn.
1346 343 1386 408 59

81 502 129 569 pro
146 483 242 544 domo
264 499 337 561 cap.
360 479 410 544 10.
431 476 474 541 ita
495 476 614 560 inquit:
637 480 737 542 Hora
744 475 914 568 sortasse
935 490 1038 543 sexta
1058 480 1127 546 diei
1148 495 1288 568 questus
1310 505 1388 549 suns

79 574 259 647 iniudicio,
281 594 361 637 eam
375 577 413 639 C.
429 574 620 638 Antonium
638 574 806 655 collegam
825 594 937 636 meum
954 572 1193 665 defenderem,
1217 579 1388 663 quaedam

79 670 111 736 le
127 669 331 753 republica,
361 689 449 753 quae
474 667 558 732 milri
582 667 656 731 visa
678 678 759 746 suut
783 666 831 728 ad
859 668 952 733 illius
975 669 1093 737 miseri
1115 692 1257 735 causam
1275 673 1386 755 perti·

76 786 160 829 aere:
186 766 269 827 baec
290 763 444 828 domines
465 762 613 845 improbi
632 759 680 822 ad
700 752 867 845 quosdam
894 761 986 825 viros
994 761 1124 853 sortes
1145 767 1247 849 longe
1268 766 1382 842 aliter,

75 872 163 943 atqrre
182 879 208 921 a
227 880 282 922 me
304 858 398 921 dieta
416 869 532 931 erant,
555 857 762 919 detulerrmt.
805 858 906 919 Hora
926 876 1035 931 nona,
1070 858 1131 921 illo
1151 858 1229 941 ipso
1251 859 1324 936 die,
1348 871 1388 925 trs

73 976 105 1017 es
121 951 317 1034 adoptatus.
362 951 445 1014 Hinc
465 948 638 1013 Suetonius
664 947 694 1011 in
717 946 802 1011 Iulio
823 968 895 1031 cap.
918 949 990 1013 aa:
1015 949 1176 1017 Cicerone
1198 952 1234 1014 in
1258 952 1387 1018 iudicia

72 1046 210 1131 prodam
230 1045 430 1129 deplorante
449 1057 643 1126 temporum
663 1051 812 1115 statum,
835 1045 876 1107 P.
899 1043 1075 1121 Clodium,
1099 1045 1277 1109 inimicum
1296 1047 1383 1124 eiua,

63 1139 203 1231 frustra
228 1137 436 1221 iampridem
461 1158 486 1201 a
509 1135 669 1219 putribus
694 1134 741 1197 ad
758 1135 891 1217 plebem
912 1139 1063 1201 transire
1084 1139 1247 1207 uitemem
1267 1142 1387 1207 eodem

72 1235 119 1297 die
144 1234 297 1316 horaque
325 1251 418 1294 nona
440 1230 615 1293 traduxit.
660 1228 803 1291 Transiit
824 1229 958 1294 Clodius
989 1236 1028 1295 ad
1054 1235 1180 1316 plebem
1201 1236 1386 1319 adoptione,
1413 1240 1417 1245 ’

73 1347 143 1413 quse
170 1326 342 1408 arrogatio
370 1324 497 1403 dicitur.
542 1325 725 1405 Adoptatus
754 1322 815 1386 luit
845 1346 861 1387 a
892 1328 933 1391 P.
961 1327 1120 1393 Fonteio:
1151 1340 1267 1393 contra
1294 1352 1387 1414 quaa

74 1422 267 1503 adoptionem
297 1417 416 1483 Cicero
445 1440 507 1502 pro
536 1420 632 1482 domo
661 1438 718 1480 srra
747 1416 895 1500 disputet.
941 1421 991 1485 De
1020 1425 1127 1485 eadem
1159 1425 1329 1488 Suetonius
1356 1424 1388 1488 in

75 1514 199 1578 Tiberio
230 1534 302 1596 cap.
327 1514 382 1576 9.;
406 1516 446 1577 Ρ.
469 1513 610 1577 Clodius
636 1516 678 1577 ob
706 1516 945 1596 expellendum
974 1517 1062 1580 Urbe
1095 1517 1293 1582 Ciceronem
1315 1523 1389 1603 ple·

73 1609 137 1672 beia
163 1608 298 1683 bomini
324 1619 427 1692 atque
449 1609 557 1671 etiam
580 1620 666 1673 narn
692 1609 818 1673 minori
839 1608 875 1670 iu
896 1609 1116 1693 adoptionem
1137 1633 1173 1674 se
1194 1611 1301 1676 dedit.
1346 1613 1386 1678 In

10 1748 12 1767 .
72 1704 125 1765 bac
142 1701 316 1784 adoptione
338 1699 460 1765 Caesar
482 1703 584 1786 legem
607 1702 760 1767 curiatam
782 1701 871 1775 tulit,
897 1703 1072 1785 Pompeius
1092 1703 1124 1767 iu
1148 1704 1290 1786 atsspicio
1305 1705 1385 1781 fuit3

73 1797 155 1878 epist.
174 1802 207 1859 7.
223 1808 254 1859 et
271 1797 322 1858 19.
339 1795 395 1858 lib.
413 1796 460 1859 II.
484 1799 524 1859 ad
538 1797 623 1872 Aa„
648 1799 686 1857 de
710 1798 841 1876 harusp.
856 1816 945 1877 respr
959 1819 1030 1878 cap.
1048 1799 1101 1861 93.
1137 1799 1262 1861 'l'ullius
1278 1820 1386 1862 mense

73 1890 169 1972 Aprili
190 1902 223 1953 et
246 1890 340 1953 Maio
362 1901 452 1953 extra
475 1892 595 1955 Urbem
617 1889 726 1964 Antii,
750 1890 781 1952 in
803 1889 1020 1971 Pompeiano,
1045 1890 1217 1955 Formiano
1241 1903 1274 1955 et
1287 1892 1389 1975 Arpi·

72 1987 128 2048 nati
148 1985 179 2048 in
201 1982 318 2047 litteris
336 1984 433 2047 vixit:
456 1983 561 2068 ibique
580 1984 744 2064 epistolam
765 1995 908 2066 quartam
928 1993 961 2047 et
980 1996 1147 2068 sequentes
1161 2007 1261 2070 usqne
1278 1987 1318 2047 ad
1336 1988 1388 2051 18.

73 2080 121 2142 bb.
142 2080 190 2142 II.
215 2081 256 2140 ad
277 2077 419 2141 AttIeum
442 2078 536 2141 misit.
581 2078 692 2143 Attico
724 2077 835 2141 deinde
862 2077 892 2139 in
924 2078 1058 2161 Epirum
1088 2081 1238 2162 proiecto
1269 2079 1387 2146 Cicero

72 2173 255 2236 seRoruarn
279 2172 400 2253 recepit
425 2182 459 2235 et
488 2193 544 2247 ea,
579 2193 659 2256 qnae
688 2172 718 2233 in
748 2172 953 2254 aequantibus
979 2173 1123 2256 epistolis
1147 2177 1312 2259 leguntur,
1349 2179 1390 2240 ad

73 2266 205 2332 Atticum
228 2267 370 2348 scripsit.
415 2266 568 2331 Consiliis
590 2266 726 2347 publicis
749 2265 861 2339 nullis,
893 2276 928 2328 nt
949 2278 996 2329 est
1018 2267 1113 2347 epist.
1137 2269 1212 2344 23„
1236 2268 1389 2333 intererat

72 2374 230 2443 totumque
258 2383 292 2424 se
322 2364 360 2422 ad
390 2361 549 2426 forensem
581 2381 709 2439 operam
739 2362 943 2442 laboremque
974 2362 1179 2423 contulerat.¹
1225 2364 1308 2425 'tun
1342 2365 1388 2426 A.

74 2459 226 2519 Thermus
255 2455 305 2518 bis
337 2455 496 2519 Cicerone
519 2455 707 2517 defendente
736 2453 898 2523 absolutus
921 2465 988 2527 rst;
1012 2474 1072 2535 pro
1096 2455 1213 2518 Flacco
1236 2475 1309 2536 cap.
1333 2456 1388 2521 39.

74 2553 148 2612 I'ma
178 2570 310 2634 quoque
332 2551 376 2611 L.
400 2547 551 2611 Valerius
574 2549 727 2623 Flaccus,
762 2548 815 2633 qui
845 2568 886 2609 ex
912 2560 1080 2628 praetura,
1111 2568 1204 2631 quam
1228 2547 1389 2614 Cicerone
1482 2604 1488 2608 .
1531 2606 1533 2611 .

73 2642 194 2708 consule
218 2657 382 2727 gesserat,
407 2644 515 2707 Asiam
538 2639 758 2723 provinciam²
781 2641 978 2718 obtinuerat,
1002 2662 1019 2703 a
1041 2643 1086 2706 D.
1103 2642 1216 2706 Laelio
1238 2654 1389 2726 repetun-

73 2740 172 2815 darum
194 2750 379 2812 acerrsatus,
403 2759 419 2799 a
445 2736 487 2816 Q.
512 2734 688 2799 Hortensio
711 2747 742 2797 rt
763 2734 816 2798 M.
840 2733 998 2800 Cicerone
1021 2737 1169 2800 defensus
1189 2750 1249 2801 est.
1295 2737 1389 2802 Cice·

71 2832 150 2896 roris
170 2831 279 2896 oratio
303 2844 424 2896 exstat:
448 2834 487 2893 de
511 2829 676 2893 Hortensii
699 2828 883 2891 defensione
907 2829 979 2891 vide
1001 2829 1097 2910 epist.
1122 2831 1174 2895 95.
1196 2831 1253 2895 lib.
1276 2831 1326 2895 II.
1348 2832 1391 2893 ad

72 2933 135 2991 Att.
172 2928 251 2990 Hoc
272 2947 354 2988 auno
376 2927 417 2990 P.
435 2924 602 2997 Vatinius,
629 2921 736 3006 quiin
757 2920 871 2984 Dionis
894 2923 983 2985 libris
1006 2924 1095 2999 (Lib.
1112 2925 1319 2989 XXXVIII.
1340 2927 1388 3003 b.)

71 3015 235 3097 Πούπλιος
247 3015 389 3097 'Animae
409 3041 473 3083 non
496 3020 563 3082 sine
579 3019 692 3079 mendo
709 3014 903 3091 nominatur,
928 3015 1074 3080 tribunus
1093 3018 1139 3099 pl.
1157 3016 1288 3085 Caesari
1311 3039 1390 3081 enu-

73 3114 123 3177 suli
143 3114 175 3177 iu
197 3113 287 3179 omni
308 3135 343 3176 re
366 3115 539 3177 obsecutus
562 3123 609 3174 est
631 3131 729 3193 enque
753 3110 870 3194 gessit,
905 3132 986 3195 qnae
1009 3134 1025 3173 a
1049 3110 1208 3177 Cicerone
1238 3111 1270 3177 iu
1291 3112 1390 3175 inter-

73 3211 231 3291 rogatione
254 3206 285 3269 in
309 3206 472 3269 Vatinium
503 3206 785 3286 reprehenduntur.
830 3207 923 3287 Lege
948 3203 1077 3268 Vatinia
1102 3204 1234 3269 Caesari
1261 3208 1332 3271 data
1354 3205 1389 3268 in

74 3299 311 3385 quinquennium
334 3301 393 3361 fnit
409 3298 513 3363 Gallia
538 3298 668 3361 citerior
691 3318 760 3358 eum
777 3297 909 3376 Illyrico
933 3310 964 3359 ct
980 3299 1082 3360 tribus
1097 3298 1294 3382 legionilsus3
1320 3299 1392 3384 qni·

74 3396 259 3458 bussenatus
267 3393 404 3455 Galliam
414 3392 597 3475 ulteriorem
608 3414 677 3454 cum
687 3391 745 3454 alia
755 3390 881 3475 legione
891 3392 1022 3467 adierim
1038 3392 1103 3456 Dio
1117 3394 1170 3457 lib.
1181 3393 1392 3457 XXXVIII.

76 3490 271 3561 Plutarchus,
295 3486 466 3550 Suetonius
482 3487 512 3548 iu
529 3487 591 3551 Iul.
607 3508 681 3566 cap.
699 3486 752 3547 99.
769 3499 799 3547 et
820 3486 955 3549 Orosius
972 3487 1027 3550 lib.
1046 3488 1111 3551 VI.
1127 3509 1199 3568 cap.
1218 3492 1249 3551 t.
1275 3487 1311 3551 ln
1329 3489 1394 3550 boc

75 3580 200 3663 inperio
224 3580 345 3645 Caesar
368 3579 555 3645 Ciceronem
578 3580 638 3641 sibi
661 3581 800 3659 legatum
824 3600 893 3642 esse
916 3580 1062 3653 volcbet3
1087 3581 1144 3643 lib.
1168 3580 1216 3646 ll.
1245 3583 1283 3643 ed
1306 3578 1393 3643 Atti·

77 3696 135 3743 eun
159 3676 258 3758 epist.
283 3675 334 3739 19.
358 3686 389 3739 et
412 3673 504 3756 epist.
536 3674 587 3736 18.
612 3677 645 3739 Α
667 3677 830 3747 Caesare,
862 3671 981 3757 inquit,
1013 3674 1111 3737 valde
1131 3674 1320 3738 liberaliter
1338 3673 1392 3737 iu·

76 3770 154 3832 nitor
175 3770 213 3831 irs
231 3767 438 3853 legationem
458 3767 571 3841 illam,
595 3765 662 3829 sibi
681 3779 719 3830 ut
735 3767 801 3830 sim
817 3769 972 3851 legatum
991 3778 1025 3831 et
1046 3770 1084 3830 de
1106 3767 1282 3850 provinciis
1304 3787 1390 3829 coss.

77 3882 138 3943 cap.
155 3865 210 3926 17.
248 3866 331 3935 Me,
356 3874 393 3923 ut
413 3859 476 3924 sibi
494 3879 600 3923 essem
615 3862 769 3944 legatus,
793 3880 862 3923 non
876 3862 989 3924 solum
1001 3862 1130 3938 suasit,
1154 3858 1391 3927 verumetiam

78 3957 231 4040 rogauit.³
275 3954 399 4019 Consul
422 3952 541 4017 Caesar
562 3954 650 4038 leges
673 3953 785 4016 multas
812 3954 901 4028 tulit,
932 3976 1014 4037 qrrae
1044 3958 1084 4019 ab
1105 3955 1177 4037 ipso
1199 3953 1298 4018 Iuliae
1320 3962 1392 4014 ssrnt

77 4049 1281 4150 mammarum&
1300 4078 1393 4132 iamt.

78 4170 131 4206 nens
147 4153 399 4206 wdeeiesimormrs
417 4169 451 4204 ae
471 4152 684 4204 doraerts’oorrsm
701 4148 822 4204 bostium
842 4160 978 4204 conventa
993 4156 1132 4225 epidisque
1150 4152 1318 4205 celebratum
1336 4164 1389 4223 est,

79 4232 142 4281 terta
160 4229 303 4282 Catilinae
315 4226 406 4298 foeta
424 4237 500 4280 arent.

110 4311 136 4370 1)
154 4304 220 4374 Ego
241 4304 286 4359 M.
308 4302 424 4368 Bibulo,
447 4306 694 4373 praestentlssimo
713 4306 785 4367 civi,
813 4304 922 4355 coasrrle
943 4301 1018 4354 niln’l
1035 4307 1231 4373 praetermisi,
1256 4314 1391 4375 qrrarrtnrrs

74 4377 163 4446 secere
182 4384 304 4448 enitique
318 4384 418 4450 potui,
437 4382 503 4448 quin
521 4376 679 4447 Pompeium
698 4395 716 4428 a
735 4376 869 4429 Caesaris
888 4385 1079 4431 coniunctione
1097 4395 1256 4433 evocarem.
1286 4382 1390 4451 laquo

80 4452 172 4506 Caesar
182 4455 306 4525 jelier'ar
315 4454 401 4526 juitr
420 4458 478 4525 ipse
498 4456 569 4504 enim
589 4452 745 4522 Pompeium
765 4468 785 4502 a
802 4470 864 4504 mea
876 4452 1086 4526 familiaritate
1098 4452 1231 4508 diirmxit.
1267 4456 1388 4529 Philipp.

82 4532 107 4589 ².
125 4540 175 4595 It),
192 4536 241 4591 23.

111 4610 137 4671 9)
161 4606 197 4660 Er
215 4602 327 4677 quidem
349 4622 397 4676 per
418 4620 519 4658 annum
542 4619 628 4655 unum
648 4600 799 4657 dumtaxat.
838 4602 1229 4674 Cincaratonlnrnsdarg.
1250 4623 1390 4680 oraeque

84 4678 169 4734 Itscea
190 4697 288 4735 contra
307 4682 459 4733 Ferrarium
479 4679 532 4731 hac
553 4676 586 4730 de
608 4677 852 4753 rednpusantern.
1460 4676 1466 4683 ’

115 4755 141 4827 3)
164 4756 206 4809 De
228 4755 369 4830 legatione
396 4759 448 4808 tus
474 4770 502 4807 et
529 4756 673 4809 XXrtratu
701 4770 827 4808 accurate
853 4753 1003 4828 disputarit
1029 4753 1155 4807 Tnnstell
1180 4752 1269 4826 Epist.
1298 4776 1324 4829 p.
1344 4759 1390 4815 15.

86 4828 159 4895 ,Era
177 4837 274 4888 Cicero
294 4847 310 4881 a
330 4830 446 4884 Caesare
466 4828 524 4895 sel,
552 4846 617 4881 cuns
638 4834 768 4901 perteret,
787 4834 942 4902 tmperrnrit
962 4827 1048 4901 (qnod
1068 4829 1157 4884 multo
1178 4844 1218 4881 est
1239 4837 1296 4885 vert
1314 4836 1391 4885 strut-

88 4901 158 4975 bss),
173 4910 216 4963 sel
232 4922 310 4963 certe
332 4907 408 4961 aluo
426 4906 548 4961 abbiam
569 4905 706 4979 Μεθ’
