3322 5578
279 363 320 425 60
680 359 733 421 Μ.
757 357 920 423 TULLII
947 354 1196 424 CICERONIS

278 502 474 586 appellatae;
498 498 674 585 dequibus
697 500 761 563 Dio
785 500 841 563 lib.
865 500 1071 564 XXXVIII.
1096 511 1127 562 et
1150 499 1265 565 Cicero
1292 501 1330 563 de
1351 502 1481 584 harusp.
1503 524 1582 586 resp.

277 621 350 682 cap.
374 598 448 661 23st
480 600 570 661 mem
591 599 684 677 leges
705 595 815 659 Iulias
835 609 955 660 contra
975 593 1132 677 auspicia
1152 598 1242 657 latos
1270 608 1304 657 et
1327 595 1382 658 bic
1407 608 1441 658 et
1459 596 1495 658 in
1514 618 1584 660 coa·

277 693 432 758 cionibus
460 692 582 753 dicere.
628 689 715 752 Tulit
744 701 930 772 praetcrea,
967 701 999 750 ut
1022 710 1098 772 ager
1121 688 1299 771 Campanus
1321 689 1378 767 iis,
1410 690 1465 774 qui
1486 701 1585 755 ternos
1640 744 1643 785 Ι,

276 789 427 870 pluresve
449 787 569 849 liberos
591 785 763 860 haberent,
799 783 1016 846 divideretur:
1051 782 1221 845 Suetonius
1244 783 1274 844 iu
1295 783 1359 846 Iul.
1390 804 1461 866 cap.
1483 785 1534 847 20.
1561 797 1588 848 et

277 882 421 945 Velleius
443 879 499 942 lib.
517 879 562 943 Il.
584 899 655 959 cap.
675 880 728 940 ct.
774 876 951 942 Curatores
974 876 1083 952 etiam,
1108 876 1163 958 qui
1185 896 1282 960 agros
1304 876 1498 954 dividerent,
1521 900 1589 944 eou-

277 976 378 1047 stituit
400 972 614 1055 Vigintiriros
642 993 683 1034 ex
712 971 768 1047 iis,
801 971 857 1054 qui
885 970 1208 1053 plurimosbonores
1239 969 1410 1053 gessissent
1438 984 1530 1053 atque
1556 976 1589 1036 ad
1642 1058 1643 1063 ἵ

277 1093 345 1134 earu
361 1091 427 1133 rem
440 1088 533 1153 quam
548 1067 682 1129 maxime
695 1066 799 1129 idonei
812 1078 928 1140 esseut,
943 1077 1075 1128 auctore
1087 1064 1192 1127 Dione
1204 1063 1294 1127 initio
1306 1063 1587 1130 libriXXXVIII.
1642 1074 1643 1093 ¹

279 1161 449 1229 Suetonius
473 1182 601 1246 quoque
624 1161 654 1221 in
671 1162 823 1242 Augusto
846 1182 917 1241 cap.
936 1162 966 1222 1.
991 1159 1148 1222 XXuiros
1164 1180 1274 1243 agrum
1291 1158 1490 1241 Campanum
1511 1161 1588 1241 plebi

276 1258 359 1321 Iulia
380 1257 451 1339 lege
473 1255 615 1318 divisisse
641 1254 696 1316 ait.
741 1255 779 1317 In
804 1254 850 1317 his
872 1256 933 1317 luit
955 1254 1155 1327 Cosconius,
1186 1275 1251 1337 quo
1274 1265 1402 1318 mortuo
1425 1255 1541 1321 Cicero
1559 1255 1587 1318 in
1642 1276 1643 1279 ¹

278 1353 343 1415 eius
370 1352 474 1414 locum
504 1350 654 1412 inritatus
684 1349 765 1423 iuit;
797 1350 890 1430 epist.
915 1349 966 1413 19.
996 1347 1054 1411 lib.
1079 1349 1126 1413 II.
1154 1351 1194 1411 ad
1215 1350 1287 1413 Au.
1332 1349 1372 1412 Iu
1400 1349 1509 1411 iisdem
1532 1350 1589 1412 luit

278 1445 340 1510 Cu.
366 1443 555 1508 Tremellius
579 1443 713 1516 Scrola,
740 1465 803 1524 quo
826 1446 864 1505 de
887 1444 998 1505 Varro
1022 1441 1076 1504 lib.
1095 1443 1125 1505 I.
1149 1445 1187 1505 dc
1209 1464 1245 1506 re
1267 1454 1347 1506 rust.
1372 1464 1445 1523 cap.
1462 1445 1493 1507 2.
1524 1444 1587 1508 Nn·
1642 1486 1643 1489 =

277 1541 373 1602 minat
401 1542 529 1603 eosdem
561 1539 734 1601 Frontinus
764 1549 795 1598 et
822 1537 944 1600 Plinius
974 1537 1030 1599 lib.
1061 1538 1143 1601 VII.
1173 1559 1245 1619 cap.
1273 1538 1328 1601 52.
1383 1539 1448 1601 Sed
1478 1537 1586 1602 Cicero
1642 1574 1643 1589 .

276 1634 482 1699 XXuiratum
505 1633 702 1715 repudiavit,
726 1634 813 1715 quod
837 1629 1048 1709 Quintilianus
1070 1630 1126 1692 lib.
1150 1632 1233 1694 XII.
1258 1652 1329 1713 cap.
1353 1635 1384 1693 1.
1408 1631 1536 1694 scribit:
1561 1642 1589 1694 et

277 1730 345 1813 ipse
373 1727 465 1811 epist.
488 1729 520 1789 2.
551 1729 608 1789 lib.
631 1727 696 1790 IX.
725 1728 762 1788 ad
785 1726 932 1801 ‚Atticum
961 1727 1000 1786 de
1024 1723 1161 1789 Caesare
1191 1725 1310 1809 iuquit:
1344 1726 1535 1808 Repu'rlieri
1558 1749 1589 1789 se
1642 1760 1643 1813 t

276 1836 387 1889 totum
410 1822 524 1905 magis
547 1823 651 1884 etiam
673 1841 775 1904 quam
797 1819 879 1881 olim
898 1817 934 1878 in
957 1819 1141 1881 XXuirctu
1157 1820 1312 1903 putabit:
1332 1840 1373 1881 ac
1394 1823 1497 1896 solet,
1520 1842 1589 1882 curu

277 1939 314 1982 se
331 1927 479 1999 purgat,
511 1916 546 1977 in
575 1938 627 1977 me
653 1912 816 2005 conferre
838 1934 972 1975 omnem
993 1913 1131 1975 illorum
1152 1926 1344 1997 temporum
1365 1916 1519 1997 culpam
1546 1917 1590 1977 ite

278 2034 330 2075 me
351 2007 549 2100 cibistrisse
562 2009 764 2082 inimicum,
787 2019 825 2069 ut
849 2030 891 2069 ue
912 2011 1076 2081 honorem
1096 2008 1232 2091 quidem
1254 2029 1277 2070 a
1298 2030 1334 2072 ee
1357 2010 1510 2091 accipere
1531 2010 1590 2071 vel-

277 2108 356 2168 lem.
407 2104 593 2167 Paterculns
627 2123 754 2186 quoque
786 2101 820 2165 in
849 2100 1148 2165 commemoratione
1187 2102 1289 2165 exsilii
1319 2101 1487 2166 Ciceronis
1515 2103 1591 2165 addit

276 2197 334 2261 lib.
358 2197 405 2261 II.
430 2217 499 2278 cap.
524 2197 598 2259 tm:
622 2200 698 2260 Hoc
718 2196 783 2258 sibi
804 2194 1023 2257 contraxisse
1045 2194 1222 2257 videbatur
1237 2196 1491 2282 Cicero,=qrcod
1510 2197 1590 2259 iuter

277 2291 438 2356 XXviros
467 2290 648 2352 diuidendo
675 2311 764 2374 agro
789 2292 965 2371 Campano
987 2296 1063 2350 ‘esse
1092 2290 1268 2352 uoluisset.
1319 2291 1385 2353 Hic
1413 2291 1588 2374 scrupulum

276 2383 376 2448 iniicit
397 2384 501 2447 oratio
525 2386 563 2446 de
584 2383 759 2465 provinciis
781 2405 882 2458 coss,
908 2383 937 2444 in
961 2403 1020 2466 qua
1044 2404 1116 2464 cap.
1134 2384 1186 2444 17.
1204 2382 1323 2447 Cicero
1344 2383 1406 2459 ait,
1431 2406 1467 2447 se
1482 2407 1497 2445 a
1514 2382 1589 2448 Cae·

277 2500 347 2541 sare
370 2476 468 2540 fuisse
489 2489 657 2561 rogatum,
683 2488 717 2539 ut
738 2477 1012 2562 quinqueviratum
1037 2478 1209 2558 acciperet,
1247 2499 1380 2561 erutoque
1402 2498 1436 2538 se
1460 2476 1590 2539 obstina-
1642 2544 1643 2549 η

276 2571 365 2647 tione
381 2573 518 2652 quadam
542 2571 713 2633 sententiae
734 2572 930 2652 repudiasse.
975 2570 1148 2634 Praeterea
1173 2570 1373 2656 quihqucriri
1394 2571 1588 2634 nominantur
1642 2618 1643 2625 .

278 2664 373 2745 epist.
398 2669 429 2726 7.
459 2663 514 2726 lib.
538 2662 585 2725 II.
608 2666 647 2724 ad
669 2664 739 2726 Att.
785 2662 864 2725 Sunt
885 2663 947 2727 viri
969 2664 1162 2739 doctissimi,
1192 2665 1224 2727 iu
1246 2668 1343 2729 rebus
1366 2665 1520 2730 Romanis
1541 2684 1589 2728 co·
1642 2722 1643 2725 ,

279 2756 469 2841 gnoscendis
491 2755 543 2817 diu
566 2757 759 2839 multumque
782 2757 915 2832 versati,
940 2758 994 2839 qui
1016 2758 1174 2834 scribunt,
1197 2757 1369 2822 Caesarem
1392 2762 1431 2821 ad
1454 2760 1589 2824 aestima·

277 2850 396 2912 tionem
428 2849 497 2933 agri
528 2846 684 2930 Campani
712 2849 869 2912 XXviros
903 2871 1028 2913 creasse
1068 2873 1104 2914 ac
1143 2865 1307 2935 practerea
1342 2852 1503 2938 quinque,
1541 2851 1590 2936 qui

277 2941 471 3006 aestimatum
494 2943 681 3005 diuiderent.
725 2944 811 3006 Dant
840 2943 884 3006 illi
915 2945 1038 3028 quidem
1064 2958 1172 3009 testem
1196 2948 1225 3010 in
1249 2951 1328 3011 hanc
1349 2970 1416 3015 rem
1440 2948 1588 3012 Diouem:

247 3082 249 3089 <
276 3038 333 3100 scd
354 3038 471 3110 verba,
501 3035 615 3119 quibus
639 3037 700 3100 hoc
722 3039 974 3114 demonstretur,
1008 3041 1037 3103 in
1061 3043 1186 3104 Graeca
1212 3042 1279 3105 eius
1301 3044 1432 3107 historia
1457 3042 1589 3107 iuvenire
1642 3050 1643 3133 l

279 3128 425 3213 equidem
454 3131 556 3211 adhuc
585 3130 669 3193 utdla
698 3131 801 3212 potul.
847 3130 994 3195 Comitiis
1022 3134 1196 3198 tribuniciis
1225 3138 1266 3201 P.
1290 3135 1425 3200 Clodius
1455 3128 1590 3201 Pulcher

276 3226 422 3286 tribunus
444 3226 489 3306 pl.
512 3225 616 3286 factus
637 3224 698 3287 fuit
721 3246 819 3307 opera
843 3224 1008 3301 Caesaris;
1032 3240 1067 3289 ut
1088 3229 1202 3292 scribit
1224 3230 1290 3299 Dio
1305 3230 1517 3308 XXXVIII,
1542 3230 1588 3292 17.

276 3328 308 3379 11
329 3318 518 3381 Plutarchus
546 3319 577 3380 in
602 3318 752 3382 Caesare.
796 3319 868 3382 Etsi
894 3330 996 3382 autem
1027 3323 1200 3407 Pompeius
1230 3324 1378 3388 Clodium
1409 3328 1494 3389 omui
1522 3347 1589 3388 cau·

277 3410 384 3481 tione,
415 3411 562 3481 foedere.
595 3413 812 3476 exsecratione
834 3413 1037 3488 devinxerat,
1069 3415 1145 3478 nihil
1167 3415 1199 3478 iu
1222 3416 1383 3481 tribunatu
1404 3431 1516 3482 contra
1538 3416 1590 3482 Ci-

277 3525 426 3568 ceronem
448 3527 516 3568 esse
537 3507 712 3581 facturum,
749 3520 783 3569 ut
814 3518 862 3569 est
884 3527 945 3588 pro
968 3508 1072 3572 Sestio
1102 3531 1174 3591 cap.
1198 3514 1247 3586 7.,
1280 3510 1332 3573 ille
1355 3513 1510 3575 tamenin
1533 3512 1588 3573 lide

277 3619 341 3658 nou
364 3597 475 3659 mansit
485 3643 502 3672 ,‚
520 3601 575 3660 sed
599 3598 742 3661 tribunus
764 3601 811 3680 pl.
834 3599 936 3661 factm
966 3603 1116 3666 contiuuo
1140 3626 1173 3666 sc
1197 3605 1226 3668 iu
1250 3603 1440 3668 Ciceronem
1460 3625 1590 3668 conver·

275 3691 325 3753 tit.
372 3691 440 3772 Qua
464 3694 502 3752 de
525 3712 559 3753 re
582 3690 739 3767 dicemus,
774 3694 800 3755 si
829 3693 916 3775 prius
945 3693 1021 3756 illud
1049 3698 1319 3773 admonuerimus,
1355 3700 1438 3761 hunc
1468 3698 1587 3762 tertium

275 3784 373 3847 fuisse
403 3806 515 3846 anurun
544 3785 668 3866 imperii
697 3787 739 3867 Q.
764 3785 930 3851 Ciceronis
959 3790 989 3851 in
1014 3789 1109 3863 Asia;
1140 3812 1206 3875 quo
1229 3794 1268 3854 ad
1289 3792 1370 3856 ditos
1391 3791 1518 3873 priores
1541 3792 1590 3853 ad·

276 3877 384 3941 iuncto
408 3879 461 3940 M.
483 3876 601 3942 Cicero
624 3878 788 3962 epistolam
810 3880 894 3944 illam
916 3882 1178 3963 pulcherrimam,
1203 3888 1283 3968 quae
1305 3898 1352 3946 est
1369 3886 1473 3967 prima
1489 3885 1545 3949 lib.
1561 3884 1587 3946 I.

277 3972 316 4031 ad
339 3973 503 4046 Fratrem,
534 3970 638 4046 misit,
669 3972 702 4035 iu
720 3986 787 4057 'qua
808 3974 910 4036 omnia
933 3989 1104 4059 praecepta
1133 3980 1212 4042 bene
1235 3979 1495 4042 administrandae
1517 3999 1589 4061 pro·

276 4064 399 4128 vinciae
421 4065 462 4128 ita
485 4067 703 4150 persequitur,
740 4078 775 4129 ut
796 4068 928 4150 amplius
951 4070 1027 4132 nihil
1049 4070 1171 4156 requiri
1193 4072 1307 4153 possit.
1351 4074 1501 4137 Eiusdem
1523 4069 1590 4135 anni

277 4158 390 4221 ultimis
420 4159 577 4223 mensibus
604 4158 730 4242 scripsit
759 4161 924 4242 epistolam
954 4167 1122 4227 secundam
1151 4167 1190 4227 ad
1212 4167 1376 4245 Fratrem,
1408 4180 1443 4230 ut
1465 4190 1505 4231 ex
1526 4166 1589 4249 ipsa

277 4253 496 4336 cognoscitur.

741 4338 1146 4366 ....-.....—..k.—.·.-

411 4424 512 4486 Anno
530 4423 634 4505 urata
656 4426 827 4491 vexor.
854 4427 1028 4493 caeram
1049 4431 1178 4495 rem.
1202 4451 1292 4495 coe.
1303 4398 1464 4521 fuirum

313 4555 357 4628 L.
388 4555 707 4641 CALPURNIUS
735 4558 852 4637 PISO
880 4560 1213 4660 CAESONINUS,
1241 4567 1285 4640 Α.
1313 4565 1559 4647 GABINIUS.

341 4698 515 4776 Praetores
536 4714 628 4777 huius
651 4715 724 4778 anni
745 4737 762 4779 a
785 4716 938 4783 Suetonio
961 4717 992 4781 in
1012 4719 1096 4783 Iulio
1123 4740 1195 4803 cap.
1219 4723 1271 4786 73.
1294 4724 1493 4788 nominantur
1514 4726 1585 4796 dito,

278 4805 320 4871 C.
343 4806 514 4873 Menimius
537 4819 568 4870 et
589 4810 633 4871 L.
656 4809 829 4874 Domitius.
873 4809 913 4875 C.
936 4812 1122 4878 Memmium
1143 4829 1323 4899 praetorem
1351 4840 1390 4880 cx
1414 4820 1483 4904 lege
1505 4817 1587 4881 Lici·

278 4901 327 4964 nia
350 4913 381 4964 et
403 4899 493 4963 Iunia
518 4901 674 4980 edixisse,
699 4915 733 4965 ut
753 4903 901 4968 Vatinius
924 4908 1045 4970 adesset
1066 4908 1115 4971 die
1135 4910 1315 4989 tricesimo,
1340 4911 1457 4977 Cicero
1479 4913 1508 4975 in
1524 4912 1589 4975 Va·
