3322 5578
710 361 764 425 M.
789 320 952 427 nuncu
975 358 1228 451 ciceuouns

431 533 534 595 Anno
552 529 650 594 Urbis
670 532 882 596 DCLXXII.
905 530 1079 611 Ciceronis
1098 533 1231 597 XXVI.
1249 550 1337 595 eoas.
1345 528 1503 621 suerunt

299 675 348 748 M.
378 673 599 752 TULLIUS
633 674 854 771 DECULA,
892 674 971 751 CN.
993 674 1284 751 ,CORNELIUS
1319 674 1612 752 DOLABELLA.

382 830 434 897 De
453 830 500 894 bis
520 830 703 895 consulibus
721 830 839 897 Cicero
860 845 944 896 orat.
963 833 1011 896 ΙΙ.
1030 854 1103 914 cap.
1119 834 1173 896 ll.
1192 826 1312 896 contea'
1325 833 1476 896 Rullum:
1499 832 1537 895 de
1552 833 1615 917 pui-

296 928 358 990 bue
377 926 560 989 vendendis
582 930 619 991 S.
639 930 676 993 0.
685 924 799 1017 faeta
816 939 897 991 sieut
914 930 969 992 M.
992 928 1126 1001 Titinio,
1146 930 1208 993 C'n.
1228 929 1388 993 Cornelio
1403 932 1499 994 Coss.
1539 926 1613 989 Sulla

299 1022 437 1085 dictator
455 1024 517 1086 boc
536 1032 681 1102 tempore
701 1021 823 1105 legibus
844 1022 937 1086 novis
953 1020 1000 1085 rei
1013 1020 1158 1103 publicae
1174 1034 1287 1084 statnun
1300 1020 1513 1097 confirmavit,
1534 1032 1564 1083 ut
1576 1031 1616 1083 est

299 1116 332 1178 iu
345 1115 483 1198 epitoma
494 1113 840 1179 LiviauaLXXXlX.
865 1118 1112 1198 Recuperatare
1126 1115 1254 1197 publica
1269 1129 1300 1179 et
1313 1116 1537 1201 legibusatque
1549 1114 1616 1178 iudi·

299 1212 355 1273 eiis
374 1199 576 1285 constitutisi
602 1209 720 1274 Cicero
741 1213 780 1272 ad
798 1233 908 1273 causas
926 1222 958 1273 et
975 1212 1115 1291 privatas
1133 1221 1163 1272 et
1182 1210 1324 1292 publicas
1346 1212 1433 1275 adire
1450 1208 1567 1293 eoepit,
1589 1208 1614 1269 ie

300 1307 421 1381 Bruto,
447 1328 519 1386 cap.
543 1307 597 1368 90.
643 1306 756 1389 ltaque
784 1305 832 1367 his
856 1305 1055 1377 cousinlibus,
1088 1315 1122 1366 ut
1148 1305 1270 1368 Gellius
1295 1305 1350 1369 lib.
1373 1304 1454 1368 XV.
1479 1327 1547 1386 cap.
1569 1303 1612 1365 28.

297 1398 423 1472 scribit,
449 1402 501 1463 M.
522 1399 641 1464 Cicero
659 1421 785 1462 calisam
802 1399 958 1481 priuatam
979 1419 1040 1479 pro
1058 1398 1189 1478 Quintio
1210 1402 1292 1481 apud
1312 1399 1485 1483 Aquilliunn
1501 1397 1612 1461 Galluttt

294 1494 429 1557 iudicem
448 1492 555 1556 dixit.¹
595 1496 769 1558 Praeterea
794 1493 823 1556 in
840 1492 972 1555 Ernsebii
986 1491 1152 1556 Chronico
1168 1491 1209 1555 ita
1230 1493 1365 1576 legitur:
1389 1496 1521 1559 XXVI·
1535 1513 1613 1553 nunu

294 1588 420 1652 aetatis
446 1589 566 1654 Cicero
591 1590 773 1673 Quintium
794 1585 966 1679 defendit.
1021 1587 1107 1650 Idem
1134 1587 1342 1669 cognoscitur
1364 1609 1404 1649 ex
1426 1587 1492 1668 ipsa
1516 1606 1613 1649 causae

297 1683 516 1765 expositione,
549 1706 628 1766 quae
652 1684 723 1747 talis
749 1696 815 1746 est:
855 1684 933 1746 Sex.
956 1680 1097 1743 Naevius
1120 1691 1192 1742 ante
1216 1680 1395 1756 biennium,
1429 1680 1615 1764 Scipioue‘et

296 1779 454 1842 Norbano
477 1798 583 1853 noae,
607 1801 678 1840 cuin
703 1780 744 1844 P.
764 1777 913 1859 Quintius
932 1775 1017 1859 prid.
1038 1775 1113 1838 ttat.
1134 1775 1234 1839 Febr.
1256 1772 1285 1836 in
1308 1775 1444 1839 Galliam
1466 1774 1615 1861 proleclus

297 1884 398 1945 esset,
424 1895 440 1934 a
460 1875 500 1939 P.
516 1873 675 1937 Burrieno
689 1885 839 1956 praetore
858 1870 1091 1954 possessionem
1110 1872 1270 1932 bonorum
1283 1870 1425 1949 Quintii,
1450 1893 1467 1934 a
1486 1867 1614 1955 quesibi

294 1966 459 2051 pecnnuiaun
491 1967 602 2030 deberi
632 1978 664 2029 et
689 1967 900 2031 vadimonium
924 1968 1085 2028 desertum
1115 1963 1258 2039 dicebat,
1291 1984 1332 2027 ex
1360 1963 1465 2028 edicto
1488 1962 1613 2047 postula·

295 2059 358 2123 vit:
390 2059 502 2123 unissus
526 2060 556 2124 in
582 2061 815 2142 possessionem
840 2059 999 2132 Naevius,
1032 2080 1102 2120 eum
1129 2060 1213 2122 bona
1237 2059 1379 2121 absentis
1410 2052 1530 2139 Quintil
1558 2055 1614 2118 dies

294 2154 413 2218 XXX.
436 2155 649 2237 possedisset,
675 2177 712 2219 ea
735 2153 897 2236 proscribi
916 2153 1017 2217 iussit.
1058 2156 1142 2216 'stim
1160 2154 1239 2215 Sex.
1261 2152 1413 2228 Alienus,
1439 2162 1615 2235 pronun-ator

236 2252 241 2321 J
295 2245 433 2328 Quintil,
457 2248 636 2313 auctionem
653 2248 804 2330 impedire
822 2260 970 2325 conatur,
1002 2269 1099 2331 seque
1120 2259 1264 2330 paratum
1286 2269 1355 2310 esse
1379 2247 1493 2312 iudicio
1517 2248 1616 2308 absen-

211 2340 214 2347 ’
293 2354 354 2404 tem
374 2342 545 2407 defendere
564 2346 748 2426 profitetur.
794 2343 935 2406 Naevius
954 2343 1110 2424 postulat,
1143 2352 1177 2404 ut
1196 2341 1334 2407 Alfenus
1358 2341 1525 2405 iudicatum
1542 2334 1615 2402 solvi

292 2436 443 2501 satisdetz
479 2441 567 2522 quod
597 2462 667 2502 cum
692 2440 744 2502 ille
772 2450 935 2502 recenseret
962 2458 1065 2521 eoqnne
1094 2437 1220 2500 nomine
1248 2436 1396 2499 tribunos
1418 2436 1614 2520 appellasset,

253 2598 261 2611 .
291 2531 460 2606 convenit,
485 2545 520 2595 ut
539 2533 626 2598 Idib.
649 2535 831 2617 septembr.
848 2533 1010 2611 Quintium
1030 2529 1098 2597 sisti
1113 2530 1250 2596 Alienus
1271 2529 1487 2614 promitteret.
1530 2524 1616 2591 Venit

291 2626 430 2692 Romam
451 2626 599 2707 Quintius
621 2630 661 2690 ad
685 2628 909 2691 vadimonium.
956 2629 1096 2692 Naevius
1120 2647 1233 2688 anitum
1261 2636 1292 2691 et
1314 2646 1375 2688 sex
1399 2645 1539 2700 menses,
1560 2622 1615 2683 hoe

293 2733 360 2795 est,
385 2722 425 2783 ab
445 2719 556 2783 Idibus
573 2724 754 2804 Septeiubr.
770 2722 920 2803 Scipione
938 2734 968 2785 et
987 2724 1144 2787 Norbano
1163 2741 1249 2784 coss.
1273 2742 1375 2806 usque
1394 2722 1434 2783 ad
1453 2716 1617 2784 ldnnslllar

290 2813 348 2877 tias
367 2813 459 2876 huius
479 2812 571 2888 anni,
596 2816 669 2878 nibil
689 2817 780 2898 petit.
826 2818 910 2878 'l'utu
929 2818 1051 2877 detnnuu
1073 2815 1104 2877 in
1122 2813 1170 2876 ius
1189 2826 1318 2877 venturu
1338 2817 1378 2878 ad
1398 2816 1455 2880 Ρ.2
1473 2808 1616 2878 Dolabel-

289 2908 352 2973 lam
372 2919 572 2989 praetorem
596 2909 641 2971 ibi
654 2910 793 2974 Naevius
810 2909 914 2991 petiit,
940 2920 974 2971 ut
990 2907 1137 2990 Quintius
1157 2907 1326 2971 iudicatum
1340 2907 1428 2973 solvi
1443 2906 1613 2972 satisdaret:

290 3003 379 3086 quod
397 3024 467 3066 cum
484 3001 512 3067 is
531 3017 711 3081 recusaret,
736 3003 907 3070 Dolabella
926 3001 1087 3076 decrevit,
1113 3014 1145 3065 ut
1161 3001 1310 3083 Quintius
1324 3016 1378 3066 aut
1390 3003 1555 3067 satisdaret
1569 3006 1616 3061 aut

293 3095 501 3181 sponsionem
522 3099 663 3173 iaceret,
688 3100 731 3162 llli
752 3103 835 3164 bona
858 3120 914 3161 sua
935 3120 975 3160 ex
994 3095 1099 3160 edicto
1118 3117 1264 3179 possessa
1285 3118 1350 3160 non
1368 3109 1488 3162 essent.
1525 3096 1617 3176 Spon-

290 3193 381 3256 sione
404 3191 488 3254 facta
512 3191 554 3258 C.
576 3192 739 3278 Aquillius
765 3194 859 3257 iudex
883 3196 972 3256 datus
999 3203 1064 3257 est:
1097 3191 1182 3271 apud
1201 3209 1292 3272 qenetu
1315 3189 1435 3256 Cicero
1454 3185 1615 3259 contendit,

290 3286 414 3366 Quintil
432 3289 516 3375 bona
536 3309 577 3350 ex
596 3288 700 3353 edicto
716 3288 870 3353 aNaevio
889 3309 1037 3369 possessa
1058 3308 1121 3349 uon
1141 3305 1223 3348 esse.
1263 3285 1364 3348 Vides
1384 3285 1486 3372 igitur
1504 3291 1616 3366 aperte,

291 3381 414 3463 Quintil
439 3403 565 3447 carneam
586 3385 649 3447 hoo
672 3407 755 3449 auno
777 3405 794 3446 a
814 3385 865 3445 Μ.
887 3380 1174 3446 Tullio-defensam
1200 3400 1269 3442 esse
1289 3392 1363 3462 post
1382 3382 1460 3445 Idus
1478 3376 1616 3444 Martias.

291 3479 372 3539 Nam
391 3478 478 3557 quod
497 3474 617 3541 Cicero
637 3477 680 3539 ait
702 3500 768 3540 rem
787 3474 919 3540 iacuisse
941 3474 975 3538 in
999 3472 1232 3538 controversiis
1251 3472 1430 3549 biennium,
1462 3486 1616 3539 oratorum

292 3589 382 3632 tinore
399 3569 481 3632 elate
499 3570 616 3633 dictum
635 3582 702 3634 est:
728 3571 806 3634 etsi
824 3570 894 3655 queis
916 3571 991 3634 velit
1007 3565 1170 3633 calrtmniis
1190 3566 1306 3632 Naevii
1325 3590 1394 3632 rem
1415 3570 1447 3633 in
1468 3565 1618 3633 biennium

293 3664 417 3724 drictum
446 3662 563 3737 luisse,
592 3667 657 3729 hoe
679 3666 805 3750 qrnidem
829 3676 915 3729 certe
938 3686 1047 3728 onanes
1077 3663 1174 3726 fateri
1200 3683 1327 3727 neeesse
1352 3675 1417 3736 est,
1450 3675 1525 3747 post
1548 3662 1617 3725 ldus

288 3756 407 3838 “Sept.,
435 3777 516 3841 quae
534 3758 598 3822 hoe
616 3780 718 3833 annno,
746 3780 808 3824 nou
829 3780 911 3843 quae
928 3758 1016 3821 Sulla
1032 3770 1063 3821 et
1079 3757 1214 3822 Metello
1234 3779 1321 3822 coss.
1341 3778 1425 3822 auno
1441 3756 1619 3841 insequente

289 3851 438 3922 luerunt,
462 3852 510 3929 (ut
526 3848 692 3915 Corradus
711 3875 766 3917 res
788 3852 896 3917 neseio
917 3874 995 3936 quas
1013 3874 1111 3937 agens
1126 3849 1266 3934 scripsit)
1289 3853 1370 3913 haue
1385 3872 1511 3915 calisam
1527 3860 1618 3913 actam

293 3966 375 4007 esse.
409 3945 506 4024 Quod
524 3967 600 4010 vero
621 3959 652 4010 et
671 3946 838 4012 Corradus
863 3948 1013 4030 opinatur
1040 3958 1071 4010 et
1091 3968 1153 4009 nou
1174 3966 1268 4030 nemo
1287 3941 1438 4023 affirmat,
1465 3942 1620 4026 Quintium

293 4039 456 4102 defensum
482 4051 555 4119 post
579 4040 767 4105 dictatorem
789 4041 925 4119 Sullam,
949 4042 1098 4124 eoquod
1124 4038 1243 4104 Cicero
1266 4037 1370 4114 dieat,
1394 4037 1523 4105 Ennisti
1539 4038 1622 4100 tona

253 4166 258 4167 ff
290 4135 376 4196 Sex.
400 4130 528 4221 Alfeni
556 4138 598 4197 L.
621 4137 720 4199 setta
745 4135 914 4199 dictatore
939 4135 1119 4207 uendente,·
1155 4133 1226 4197 leve
1251 4134 1420 4201 admodum
1445 4145 1533 4197 est.-
1560 4130 1622 4195 Cur

293 4227 375 4289 enim
398 4227 427 4291 iu
446 4227 563 4291 iudicio
583 4229 710 4310 privato
730 4231 793 4293 hoc
814 4229 921 4315 eloqui
938 4250 1032 4291 anesus
1051 4250 1115 4292 uon
1137 4225 1271 4291 ferisset?
1293 4227 1431 4312 anitquis
1454 4221 1624 4315 praestabit

294 4322 334 4382 ab
357 4319 542 4385 oratoribus
562 4323 665 4386 omnin
685 4323 769 4388 dicta
792 4324 843 4388 vel
863 4346 903 4388 eo
933 4322 1028 4386 modo
1047 4334 1116 4385 aeta
1135 4321 1252 4398 lituae,
1285 4344 1349 4405 quo
1374 4334 1490 4405 postea
1510 4317 1623 4405 scripta

295 4425 369 4479 sunu
390 4427 422 4476 et
444 4415 548 4479 edita?

380 4509 467 4572 Sulla
493 4511 650 4578 dictatore
674 4510 793 4578 Cicero
819 4511 933 4576 iterum
959 4534 994 4576 se
1017 4490 1164 4588 Moloni,
1195 4510 1250 4599 qui
1276 4510 1400 4594 legatus
1424 4513 1623 4577 adornatum

332 4700 361 4762 t)
381 4695 455 4750 Alias
477 4701 532 4749 inm
553 4713 617 4750 ante
637 4699 820 4767 Quintianum
841 4714 935 4751 causas
955 4678 1119 4754 scientiae
1141 4713 1295 4757 aeternus
1315 4712 1392 4770 patet
1411 4715 1447 4750 ex
1467 4698 1499 4752 C.
1515 4705 1542 4755 1.
1562 4695 1585 4762 §-
1598 4691 1624 4748 d·

295 4775 354 4831 itu,
375 4772 449 4842 qneod
466 4773 532 4825 inibi
550 4777 697 4825 consenuit
717 4778 744 4826 iu
767 4778 864 4827 ceteris
882 4779 971 4828 causis
988 4795 1048 4827 esse
1060 4772 1238 4841 adiumento,
1256 4774 1289 4824 id
1304 4791 1408 4844 peronnae
1425 4778 1456 4824 in
1475 4772 1528 4825 lenc
1540 4786 1623 4824 causa

294 4847 401 4920 deficit.
435 4849 476 4900 De
498 4864 622 4922 tempore
635 4848 717 4901 butus
734 4864 760 4902 et
776 4853 926 4904 Roscianae
942 4855 1077 4907 orationis
1094 4846 1145 4905 ele.
1161 4853 1244 4905 ceiam
1263 4850 1416 4906 Ferrarium
1436 4847 1508 4924 epp.
1523 4866 1552 4925 p.
1566 4848 1626 4906 252·

334 4935 364 4999 ε’)
386 4936 435 4988 Gn.
456 4949 557 4989 noeane
579 4934 717 4989 meliores.
757 4936 848 4991 Genu.
949 4950 955 4959 ·
