3322 5578
267 394 309 458 30
675 393 744 456 M..
759 390 924 457 TULLII
951 389 1205 457 CIGERONIS
1312 420 1315 429 ¹

368 530 461 600 Anno
485 532 582 598 Urbis
606 532 850 598 DObXXVlll.
872 533 1041 599 Ciceronis
1067 530 1226 621 XXXII.
1247 551 1333 596 coss.
1348 529 1499 611 suerunt
1540 608 1542 611 ι

473 674 519 750 I..
547 673 823 770 OCTAVIUS,
862 675 904 751 C.
932 673 1182 752 AURELIUS
1211 672 1392 750 cotta.
1440 688 1443 693 ¹

219 900 222 906 ,
351 830 403 896 De
433 831 480 893 bis
511 828 629 896 Cicero
656 829 686 892 in
716 832 853 893 Verrem
873 831 947 895 ¹llI.
972 852 1045 913 cap.
1077 832 1131 894 50.
1176 830 1259 893 Cum
1293 830 1329 893 L.
1359 831 1540 906 Octavius,
1561 829 1589 891 C.

266 921 424 991 Aurelius
440 944 525 994 coss.
540 924 639 986 aedes
659 944 779 987 sacres
793 924 1015 1007 locavissent,
1034 945 1143 1008 neque
1164 923 1353 1003 potuissent
1374 920 1490 982 omnia
1502 926 1590 980 sarta

267 1025 368 1080 tecta.
385 1018 543 1097 exigere,
565 1035 672 1097 neque
695 1017 724 1077 ii
745 1024 938 1096 praetores,
959 1013 1081 1098 quibus
1109 1022 1184 1078 erat
1208 1011 1384 1093 rregotium
1407 1008 1542 1087 datum,
1561 1006 1589 1070 0.
1655 1022 1656 1043 ¹

267 1104 455 1187 Sacerdos,
486 1099 538 1169 M.
564 1107 721 1169 Caesius:
747 1103 893 1183 facturn
924 1114 972 1168 est
1002 1104 1037 1167 S.
1065 1105 1119 1179 0.,
1150 1100 1273 1187 quibus
1297 1099 1337 1163 de
1365 1101 1467 1162 sartis
1498 1099 1588 1163 tectis
1655 1114 1656 1139 t

248 1200 447 1280 ,rogantum
473 1206 505 1260 et
536 1194 729 1259 iudicatam
750 1216 818 1258 non
839 1206 939 1273 esset,
961 1198 1014 1259 uti
1039 1194 1071 1257 0.
1096 1192 1227 1269 Verres,
1249 1191 1282 1252 Ρ.
1304 1189 1441 1253 Caelius
1461 1196 1590 1269 praeto·
1655 1212 1656 1245 t

266 1309 318 1352 res
339 1283 585 1369 cognoscerent
606 1294 636 1349 et
661 1284 863 1350 iudicarent.
904 1286 969 1351 Ubi
991 1284 1099 1360 vides,
1124 1282 1166 1348 C.
1190 1282 1416 1377 Sacerdotem,
1441 1279 1495 1342 cui
1512 1279 1590 1342 Ver·

265 1400 321 1442 res
343 1377 375 1440 in
398 1389 546 1460 praetura
570 1379 689 1439 trebana
711 1388 742 1438 et
769 1377 926 1449 Siciliensi
945 1382 1114 1455 successit,
1139 1379 1202 1441 boe
1226 1396 1309 1439 anno
1335 1386 1517 1457 praetorem
1540 1393 1588 1434 tu-

266 1474 382 1536 banum
409 1469 526 1534 inisse:
551 1469 624 1553 qui,
656 1490 726 1531 cum
755 1473 899 1555 sequenti
924 1472 1061 1537 Siciliam
1093 1469 1284 1545 obtinuerit,
1319 1483 1351 1532 et
1377 1467 1497 1533 Cicero
1525 1478 1590 1528 aute

266 1568 405 1631 Verrem
428 1575 581 1647 quaestor
602 1562 634 1625 in
661 1562 765 1625 Sicilia
790 1564 908 1642 interit,
939 1579 1090 1650 praetore
1117 1566 1194 1629 Sex.
1219 1565 1408 1639 Peducaeo,
1439 1563 1589 1646 suspicio·

267 1680 337 1724 nem
361 1658 519 1734 Corradi,
550 1657 605 1741 qni
626 1656 818 1745 Ciceronem
840 1661 904 1723 hoc
926 1681 1009 1724 anno
1039 1669 1240 1745 quaestorem
1268 1659 1422 1721 urbamnu
1452 1668 1485 1720 et
1513 1656 1591 1720 inse·

267 1753 375 1840 quenti
405 1752 438 1815 iu
470 1752 576 1815 Sicilia
609 1750 882 1836 tuissepnravit,
919 1752 1031 1816 falsam
1061 1774 1130 1816 esse
1160 1773 1269 1817 omnes
1299 1751 1419 1815 vident.
1464 1752 1530 1815 Hic
1549 1762 1592 1813 cst

266 1850 366 1933 igitur
390 1845 560 1909 Siciliensis
583 1867 698 1923 annuis,
734 1850 789 1931 qui
818 1848 872 1911 M.
905 1848 1045 1911 Tullium
1069 1857 1270 1931 quaestorem
1295 1846 1440 1928 excepit3
1476 1858 1510 1909 ut
1530 1844 1592 1926 ipse

265 1943 299 2007 iu
321 1942 425 2006 Bruto
448 1960 521 2022 cap.
546 1940 600 2003 bl.
624 1939 746 2003 scribit.
799 1939 881 2005 Cum
910 1954 1013 2004 atatem
1042 1940 1109 2004 bini
1137 1953 1325 2025 quaestores
1355 1940 1384 2003 in
1409 1939 1515 2005 Sicilia
1535 1938 1594 2002 sin·

268 2035 350 2121 gulis
372 2033 576 2117 praetoribus
599 2045 722 2110 esseut,
746 2033 975 2113 Lilybaetanns
992 2048 1023 2097 et
1043 2037 1280 2115 Syracusanus,
1308 2033 1426 2100 Cicero
1446 2034 1592 2114 Lilybae-

266 2140 357 2193 tanus
380 2139 533 2214 quaestor
554 2127 633 2203 init,
671 2139 706 2190 ut
733 2129 893 2192 Asconius
921 2129 951 2193 in
983 2128 1126 2193 Divinat.
1156 2131 1260 2212 princ.
1290 2129 1400 2193 scribit
1424 2140 1455 2193 et
1480 2128 1592 2193 Cicero
1655 2206 1656 2213 ἵ

269 2224 339 2306 ipse
361 2244 424 2306 pro
448 2222 580 2295 Plancio
603 2244 676 2305 cap.
700 2223 752 2285 ib.
777 2221 928 2288 ostendit.
978 2224 1066 2287 Idem
1089 2212 1250 2288 Asconiui
1272 2223 1385 2286 scribit
1407 2222 1592 2287 Ciceronem

267 2329 470 2402 quaestorem
500 2316 531 2379 in
561 2315 665 2379 Sicilia
694 2316 794 2381 inisse
821 2328 972 2399 praetore
1007 2320 1084 2381 Sex.
1113 2319 1303 2381 Peducaeo:
1346 2318 1416 2401 ipsc
1450 2336 1530 2382 vcro
1565 2314 1592 2376 in

267 2423 351 2475 orat.
376 2423 452 2491 post
477 2410 612 2474 reditum
644 2410 675 2473 iu
704 2424 814 2475 senatu
843 2433 913 2492 cap.
939 2412 971 2474 8.
999 2411 1042 2475 ait
1071 2433 1105 2474 sc
1131 2411 1213 2493 patri
1239 2412 1300 2481 M.
1320 2412 1424 2477 Curtii
1450 2422 1592 2497 quiaesto³

266 2522 335 2568 rem
357 2504 470 2569 inisse.
521 2505 698 2569 Accidebat
728 2519 833 2568 autem
855 2527 970 2588 saepe,
1007 2518 1041 2568 ut
1064 2528 1144 2570 tuntas
1167 2521 1320 2592 quaestor
1342 2509 1480 2570 dirorum
1504 2524 1591 2588 prae·

243 2606 374 2662 samm
397 2610 501 2674 esset,
533 2609 569 2661 ut
592 2597 753 2661 Grncbius
785 2598 859 2662 libr.
883 2599 932 2662 ΙΙ.
961 2600 1000 2661 de
1022 2597 1171 2664 Comitiis
1194 2604 1302 2693 doqct.
1354 2600 1406 2667 De
1429 2613 1593 2686 quaestura

180 2752 189 2768 ,
268 2691 438 2756 Ciceronis
461 2693 654 2757 Plutarchus
676 2690 718 2754 ita
747 2691 857 2755 scribit
885 2714 914 2755 c.
946 2692 979 2755 b.
1035 2697 1206 2774 Quaestor
1233 2705 1369 2760 creatus
1398 2704 1431 2760 et
1458 2695 1591 2759 sortitas

265 2787 480 2868 provinciam
500 2786 680 2864 Siciliam,
708 2806 789 2849 cuna
816 2788 850 2847 in
880 2785 1085 2866 difficultate
1105 2805 1261 2850 annonae
1285 2795 1389 2869 atque
1410 2788 1530 2866 inopia
1549 2782 1595 2845 rei

196 2888 214 2897 '
258 2874 519 2957 frumentariae
551 2894 699 2958 maguus
720 2876 896 2956 frumenti
924 2896 1083 2939 numerus
1118 2875 1259 2939 llomam
1294 2885 1376 2940 esset
1402 2873 1592 2949 mittendus,

265 2967 411 3030 Siculos
429 2969 525 3030 initio
548 2965 709 3045 offendit:
728 2974 818 3046 post,
839 2965 900 3027 ubi
915 2965 1141 3048 diligentiam,
1163 2967 1328 3030 iustitiam
1349 2974 1381 3028 et
1402 2966 1593 3028 comitatem

265 3061 339 3124 eins
361 3060 495 3140 experti
504 3055 678 3137 suerunt,
695 3058 844 3119 maiores
866 3055 923 3118 illi
940 3057 1083 3119 bonores
1104 3074 1211 3139 quam
1236 3055 1305 3118 ulli
1330 3076 1485 3139 nuquam
1503 3076 1594 3140 prae·

247 3152 338 3212 ‚tori
363 3148 564 3213 tribuerunt.
616 3147 668 3211 De
701 3150 808 3211 eadem
839 3146 908 3228 ipse
937 3146 968 3209 in
998 3149 1147 3212 oratioue
1174 3167 1236 3228 pro
1266 3146 1401 3210 Plancio
1442 3168 1515 3230 cap.
1544 3146 1592 3210 lb.

267 3238 349 3302 Non
371 3261 504 3321 vercor,
534 3260 576 3304 ne
604 3245 681 3324 qais
711 3241 840 3305 audent
869 3238 998 3321 dicere,
1029 3240 1137 3302 ullius
1168 3242 1202 3303 in
1221 3239 1347 3303 Sicilia
1377 3253 1594 3325 quaesturam

268 3340 332 3393 ant
358 3335 549 3412 gratiorem
578 3342 640 3396 aut
670 3332 853 3395 clariorem
874 3329 1011 3410 fuisse:
1035 3328 1212 3409 frumenti
1236 3332 1270 3392 in
1298 3351 1431 3394 summa
1453 3334 1594 3395 caritate
1654 3408 1656 3421 Ι

267 3423 459 3483 maximum
478 3443 657 3486 numerum
684 3425 861 3499 miseram,
891 3418 1164 3503 negotiatoribus
1192 3424 1319 3499 comis,
1350 3420 1593 3486 mercatoribus

210 3590 213 3596 Ι
238 3594 240 3598 Α
268 3512 396 3579 iustus.
423 3512 652 3595 municipibus
674 3510 847 3587 liberalis,
876 3513 980 3573 sociis
1001 3507 1187 3586 abstinens,
1217 3510 1371 3575 omnibus
1392 3532 1490 3577 eram
1511 3512 1594 3577 vitm

269 3603 304 3664 in
325 3604 420 3664 omni
438 3604 556 3684 officio
578 3603 874 3685 diligentissimum
907 3601 1104 3684 excogitati
1129 3599 1272 3682 quidam
1298 3611 1394 3669 erant
1425 3622 1448 3664 a
1468 3598 1594 3666 Siculis

267 3691 410 3777 bonores
439 3693 597 3757 inauditi.
643 3693 688 3759 Et
707 3692 740 3756 in
762 3694 863 3756 Verr.
887 3694 971 3756 vlt.
995 3713 1066 3772 cap.
1092 3690 1144 3752 tlt.
1187 3689 1247 3755 Sic
1280 3690 1414 3755 obtinui
1439 3699 1595 3777 quaesta·

267 3801 345 3845 rum
367 3785 401 3845 in
421 3787 602 3863 provincia
621 3787 766 3862 Sicilia,
792 3796 830 3851 ut
849 3788 1002 3850 omnium
1023 3782 1147 3846 oeulos
1168 3784 1203 3845 in
1224 3803 1277 3846 me
1298 3804 1404 3846 uuum
1425 3784 1595 3847 coniectos

269 3869 479 3951 arbitraren-
500 3885 544 3937 ut
557 3897 610 3940 me
629 3864 917 3963 quaesturamque
935 3894 1045 3939 meam
1065 3874 1168 3955 quasi
1183 3875 1218 3935 iu
1233 3871 1356 3956 aliquo
1379 3872 1468 3936 orbis
1489 3880 1595 3936 terrae

268 3964 402 4028 tbeatre
425 3967 554 4028 versari
570 3970 817 4045 existimarem
839 3977 878 4031 ut
898 3967 1014 4030 omnia
1033 3983 1185 4044 semper,
1202 3982 1296 4046 quae
1317 3962 1471 4026 iucunda
1492 3960 1595 4025 videu-

267 4060 325 4114 tur
345 4070 432 4132 esse,
453 4074 521 4118 non
541 4056 644 4121 modo
666 4060 716 4121 liis
737 4057 1020 4123 extraordinariis
1041 4051 1310 4133 cupiditatibus,
1330 4052 1390 4116 sed
1408 4054 1512 4116 etiam
1532 4049 1598 4130 ipsi

230 4206 234 4213 ,
266 4151 413 4208 naturae
434 4164 478 4207 ae
499 4150 695 4211 necessitati
714 4147 925 4232 denegarem.
975 4145 1063 4208 ldcm
1097 4142 1238 4208 Verrina
1266 4143 1314 4207 Il.
1345 4165 1418 4228 cap.
1449 4143 1502 4206 tt.
1536 4140 1594 4216 ait,

269 4231 394 4297 Siculos
407 4233 439 4296 in
451 4249 622 4320 quaestura
634 4259 710 4302 snae
731 4237 931 4302 innocentiae
949 4236 1219 4322 abstinentiaeque
1232 4238 1407 4321 periculum
1426 4237 1543 4301 fecisse
1557 4238 1596 4313 1).

267 4314 321 4391 Eo
342 4334 506 4411 tempore,
531 4344 566 4394 ut
587 4331 780 4396 Plutarchus
802 4331 934 4409 scribit,
965 4333 1053 4417 metiti
1077 4331 1213 4395 Romani
1237 4331 1474 4406 adolescentes,
1505 4327 1597 4393 elaris

266 4422 452 4504 parentibus
474 4435 568 4508 atque
591 4426 728 4502 honesto
758 4426 833 4489 loco
856 4425 939 4502 nati,
975 4428 1058 4508 apud
1089 4425 1215 4489 Siciliae
1244 4438 1425 4507 praetorem
1456 4422 1596 4487 acettsati

266 4516 341 4577 stant
372 4513 632 4599 intemperantiae
672 4529 704 4580 et
743 4518 906 4603 neglectae
943 4517 1131 4602 discipliuae
1163 4518 1324 4595 militaris;
1362 4540 1445 4604 quos
1480 4517 1596 4583 Cicero

266 4628 383 4691 magna
404 4613 677 4676 commendatione
699 4610 838 4675 defendit
860 4624 891 4674 ct
913 4614 1130 4678 conservarit.
1403 4608 1408 4625 “

305 4776 335 4850 t)
355 4776 397 4833 Ad
417 4777 491 4833 hone
510 4795 615 4835 annum
631 4780 804 4838 referendum
825 4760 967 4853 idsquod
989 4780 1075 4837 Taso.
1094 4789 1127 4854 5,
1154 4791 1201 4849 25.
1219 4800 1313 4840 narrat
1334 4785 1369 4842 de
1393 4791 1543 4842 inuentos
1567 4800 1595 4837 se

265 4844 444 4910 messmam
462 4872 643 4913 monumenta
660 4858 696 4914 ad
717 4875 810 4935 portas
833 4854 1018 4913 Achradinae.

736 4987 1145 5007 m
