3322 5578
292 366 351 428 bl'
713 365 765 427 Μ.
791 362 953 433 TULLII
978 360 1229 429 CICERONIS

292 519 355 570 est:
380 505 488 568 deinde
505 504 618 568 iterum
641 503 675 568 in
697 504 792 566 altum
811 504 975 587 proiectus
989 503 1224 584 Dyrrhachium
1240 502 1396 586 pervenit.
1434 502 1517 579 Ubi,
1538 492 1599 569 com

293 621 311 662 e
334 599 406 662 navi
427 599 461 662 in
484 612 601 662 terram
623 620 809 683 egressurus
830 611 929 673 esset,
954 610 1057 661 terrae
1082 611 1198 662 motum
1221 610 1251 661 et
1267 598 1360 660 maris
1374 598 1601 669 convulsionem

295 693 451 757 exstitisse
472 692 598 766 fertint3
634 695 713 755 unde
735 691 918 774 haruspices
940 691 1166 766 conficiebant,
1191 691 1273 755 illius
1296 689 1438 755 exsilium
1461 712 1522 755 nou
1538 694 1600 757 lore

296 785 494 862 diuturnum,
519 789 607 871 quod
630 787 708 849 haec
730 784 910 848 mutationis
933 785 1023 869 sigua
1041 796 1156 849 essent.
1195 788 1284 848 Haec
1300 786 1491 849 Plutarchus
1512 808 1540 847 c.
1555 788 1600 847 32.

291 881 494 965 Dyrrhachio
539 882 661 965 aliquot
703 880 822 943 dierum
861 880 941 942 viam
986 880 1028 947 iu¹
1049 879 1271 942 Macedoniam
1318 881 1356 940 ad
1391 878 1602 960 Planciumque

291 976 435 1059 perrexit
459 986 581 1036 etcum
604 995 643 1038 eo
668 971 928 1036 Thessalonicam
950 975 996 1036 X.
1021 973 1157 1035 Kalend.
1181 971 1289 1035 lunias
1312 972 1414 1045 venit;
1437 994 1498 1054 pro
1517 973 1603 1034 Plan-

250 1096 252 1103 *
291 1071 343 1135 cio
367 1091 440 1151 cap.
462 1069 512 1133 ltl.
537 1079 567 1130 et
589 1065 684 1149 epist.
706 1068 738 1132 8.
760 1068 816 1130 lib.
834 1068 900 1130 lll.
924 1072 963 1129 ad
984 1070 1056 1132 Au.
1102 1066 1349 1129 Thessalonicae
1374 1064 1437 1130 Cn.
1462 1067 1601 1129 Plancius

291 1186 347 1228 sua
376 1161 563 1226 liberalitate
587 1159 777 1226 Ciceronem
807 1182 864 1243 per
894 1182 1015 1224 menses
1039 1171 1159 1241 septem
1187 1159 1326 1221 retinuit.
1372 1160 1448 1238 Quo
1470 1172 1602 1241 tempore

289 1260 397 1343 plures
428 1255 577 1339 epistolas
604 1258 645 1318 acl
668 1255 808 1320 Atticum
831 1253 973 1335 scripsit,
1005 1275 1086 1339 quac
1115 1253 1171 1317 lib.
1201 1254 1266 1317 Ill.
1297 1254 1336 1314 ab
1366 1265 1481 1316 octava
1511 1274 1599 1337 nsque

291 1354 330 1415 ad
358 1352 411 1413 22.
438 1351 618 1437 Ιοςιιιιιιιι.
645 1351 776 1414 Interim
801 1349 844 1429 Q.
871 1347 1007 1420 Cicero,
1038 1369 1108 1409 cnm
1136 1348 1198 1409 iam
1224 1345 1332 1409 Asiam
1360 1367 1419 1427 per
1445 1348 1598 1410 triennium

292 1444 498 1517 obtinuisset,
529 1446 566 1506 de
585 1443 751 1527 provincia
774 1455 843 1504 ante
867 1441 942 1504 Kal.
967 1441 1070 1503 Maias
1093 1441 1248 1514 decessit;
1280 1440 1373 1522 epist.
1399 1441 1431 1503 9.
1463 1441 1517 1503 lib.
1540 1440 1597 1503 Ill.

290 1542 329 1602 ad
352 1540 422 1603 Art.
465 1539 610 1606 Fratrem
633 1538 795 1620 aliquanto
825 1545 898 1616 post
925 1524 1014 1596 surim
1039 1534 1208 1596 discessum
1232 1553 1274 1596 en
1295 1533 1461 1617 provincia
1487 1535 1599 1596 venisse

291 1634 333 1696 ait
355 1653 418 1715 pro
441 1634 535 1693 tlouto
559 1651 630 1712 cap.
654 1631 728 1703 23.;
759 1626 897 1692 meminit
925 1649 1054 1711 qnoque
1084 1627 1113 1689 in
1138 1627 1280 1691 Scstiana
1305 1648 1377 1710 cap.
1401 1629 1455 1691 tt.
1499 1629 1600 1710 Itaque

292 1728 346 1791 M.
372 1723 492 1789 Cicero
514 1724 623 1789 Idibus
647 1722 745 1786 luniis
767 1725 896 1783 adeum
921 1719 1002 1782 misit
1027 1721 1120 1803 epist.
1144 1721 1175 1783 3.
1206 1722 1263 1783 lib.
1285 1722 1315 1784 I.
1342 1733 1373 1785 et
1396 1723 1540 1804 deinceps
1559 1741 1601 1782 se·
1641 1782 1642 1785 ,

291 1830 450 1902 qtrentem.
497 1818 611 1880 Tertio
632 1820 720 1880 Non.
739 1817 878 1879 Octobr.
901 1814 1126 1877 Thessalonica
1145 1817 1183 1876 ad
1202 1815 1383 1879 Terentiam
1400 1837 1535 1881 uxorem
1553 1814 1601 1876 mi·

289 1914 330 1976 sit
360 1912 454 1994 epist.
479 1912 510 1973 2.
536 1911 594 1973 lih.
622 1911 723 1974 xlv.
752 1912 790 1972 ad
818 1909 931 1974 Famil.
986 1909 1162 1971 Redeamus
1195 1931 1277 1972 nunc
1309 1914 1348 1973 ad
1383 1923 1451 1973 acta
1483 1913 1601 1972 urbana.

291 2006 450 2072 Cicerone
480 2005 616 2086 expulso
648 2003 780 2067 Clodius
810 2005 913 2087 legem
936 2001 1154 2085 promulgavit
1176 2004 1215 2063 de
1241 2004 1429 2066 Ptolemaeo
1452 2024 1529 2087 rege
1547 2000 1602 2079 Cy·
1641 1990 1642 1999 ἵ

289 2100 360 2183 pri,
389 2112 422 2162 nt
448 2102 530 2164 bona
555 2099 621 2163 eins
645 2098 884 2179 publicarentur
905 2107 936 2157 et
957 2117 1087 2179 regnum
1111 2093 1141 2156 in
1166 2095 1350 2175 provinciae
1373 2096 1511 2160 sormam
1529 2093 1601 2157 redi·

271 2206 440 2278 .gcretur;
479 2193 574 2276 idque
607 2191 769 2276 negotium
797 2193 850 2254 Μ.
880 2187 997 2253 Catoni
1031 2190 1207 2250 mandatum
1239 2201 1303 2251 est:
1339 2212 1404 2273 quo
1432 2192 1470 2252 de
1496 2188 1600 2253 Cicero

289 2309 399 2369 saepe,
417 2288 607 2351 Plutarchus
622 2284 651 2347 in
668 2284 805 2359 Catone,
824 2283 988 2366 Appianas
1003 2282 1060 2344 lib.
1075 2283 1120 2347 ll.
1137 2302 1168 2343 c.
1182 2283 1233 2344 23.
1252 2283 1316 2346 Dio
1330 2284 1388 2347 lib.
1402 2281 1598 2353 XXXVlll,

290 2402 321 2443 c.
341 2383 394 2443 30.
433 2380 507 2443 Kal.
524 2379 640 2452 Iuniis,
663 2388 698 2441 nt
717 2389 764 2440 cst
782 2379 812 2440 in
829 2388 913 2440 orat.
939 2398 1000 2458 pro
1009 2376 1122 2440 'Sestio
1141 2399 1211 2458 cap.
1225 2378 1262 2438 27
1269 2421 1277 2438 .
1291 2400 1379 2462 serp,
1405 2378 1543 2440 decrevit
1559 2395 1600 2435 sc-

289 2569 380 2632 mio¹
409 2569 539 2630 tribuno
565 2567 653 2647 pleb.
697 2564 882 2628 Intercessit
909 2565 1019 2627 Aelius
1041 2562 1171 2647 Ligus..
1201 2565 1375 2646 Pompeius
1402 2583 1530 2646 quoque
1553 2560 1600 2623 illo

289 2674 434 2744 tempore
463 2682 496 2722 se
527 2680 695 2734 accusans,
732 2668 767 2722 ut
787 2659 978 2722 Plutarchus
1007 2677 1038 2720 c.
1061 2657 1114 2720 33.
1146 2656 1275 2732 scribit,
1312 2659 1398 2740 quod
1423 2653 1600 2720 Ciceronem

290 2753 499 2837 prodidisset,
524 2755 563 2815 de
585 2752 667 2814 illins
688 2752 792 2814 reditu
815 2751 984 2815 amicorum
1009 2772 1107 2832 opera
1130 2749 1253 2813 adiutus
1275 2771 1371 2836 agere
1396 2750 1515 2834 coepit.
1544 2748 1600 2810 Re·
1641 2740 1642 2745 ἵ

290 2849 421 2913 sistente
451 2846 570 2911 Clodio
600 2845 718 2927 placuit
747 2845 867 2909 senatui
890 2843 967 2907 nihil
989 2843 1020 2907 in
1043 2865 1078 2906 rc
1100 2844 1226 2926 publica
1249 2847 1421 2909 decernere
1429 2888 1455 2920 ,·
1471 2842 1552 2908 nulla
1572 2842 1601 2900 de

289 2963 459 3025 reagere,
489 2939 548 3003 nisi
571 2938 689 3004 Cicero
712 2942 751 3002 ab
773 2938 885 3002 exsilio
907 2948 1128 3002 revocaretur.
1173 2940 1257 3001 Hinc
1280 2938 1397 3003 Cicero
1419 2959 1483 3020 pro
1505 2932 1598 2999 Sestio

294 3057 368 3118 cap.
390 3035 463 3097 31.;
492 3035 621 3098 Omnia
647 3045 787 3097 senatus
813 3032 1003 3105 reficiebat,
1032 3031 1100 3095 asiai
1130 3032 1172 3095 de
1199 3054 1251 3095 me
1280 3033 1435 3115 primum
1459 3030 1600 3095 consules

292 3128 505 3193 rettulissent
512 3152 524 3200 ,·
553 3128 635 3192 etin
659 3128 809 3195 Pisonem
832 3148 903 3209 cap.
928 3127 998 3190 ts:
1028 3128 1085 3190 An
1109 3137 1183 3188 tum
1203 3127 1311 3190 eratis
1331 3129 1504 3201 consules,
1537 3140 1603 3186 cnm

289 3243 488 3308 quacunque
508 3223 549 3285 de
570 3245 608 3286 re
628 3219 906 3310 oerhnmfacere
934 3218 1122 3301 coepes-tetis
1139 3232 1202 3283 aut
1219 3218 1357 3308 efferre
1378 3220 1426 3282 ad
1444 3229 1600 3289 sesamam,

289 3328 433 3379 cunctus
453 3317 540 3380 ordo
563 3316 770 3380 reclamabat
791 3315 1053 3398 ostendebatque
1076 3313 1163 3376 nihil
1182 3335 1256 3377 esse
1278 3336 1337 3377 vos
1358 3326 1518 3387 acturos,
1546 3308 1602 3374 nisi

286 3410 452 3494 priusdc
475 3432 527 3473 me
549 3409 795 3474 attulissetis?
838 3410 887 3472 De
909 3412 1016 3472 eadem
1040 3428 1074 3470 re
1096 3406 1171 3471 vido
1193 3406 1287 3488 epist.
1312 3408 1364 3469 22.
1394 3408 1452 3470 lib.
1475 3407 1540 3471 lll.
1567 3403 1600 3465 ad

290 3505 363 3567 Au.
409 3502 512 3565 lnitur
534 3503 645 3577 deinde
667 3502 830 3566 consilinm
853 3505 892 3565 de
913 3500 1041 3565 interitu
1067 3500 1128 3564 Cn.
1149 3500 1313 3583 Pompeii,
1344 3500 1387 3564 ait
1409 3499 1527 3564 Cicero
1547 3515 1599 3579 pro

290 3597 395 3660 Sestio
417 3617 487 3679 cap.
502 3596 577 3670 32.;
600 3618 692 3679 quam
707 3617 774 3658 rem
792 3596 950 3659 Asconius
966 3595 997 3657 iu
1012 3595 1219 3666 Milonianam
1242 3614 1313 3676 cap.
1329 3597 1381 3658 tc.
1396 3595 1443 3657 sic
1459 3590 1598 3676 exponit:

289 3694 376 3756 Gnm
396 3692 465 3756 ΙΙΙ.
488 3690 573 3754 Idus
594 3693 693 3754 Sext.
715 3687 899 3771 Pompeius
925 3690 961 3752 in
989 3702 1147 3753 senatum
1170 3690 1333 3766 venisset,
1363 3690 1491 3753 dicitur
1513 3703 1600 3752 seruo

289 3789 328 3851 P.
348 3784 460 3853 Clodii
481 3784 588 3848 sicam
606 3782 794 3857 excidisse,
819 3804 924 3866 eaque
945 3784 992 3846 ad
1005 3784 1190 3849 Gabinium
1210 3786 1384 3847 consulem
1402 3784 1533 3859 delata,
1555 3780 1600 3843 di·

288 3884 382 3942 ctum
402 3889 473 3952 est,
503 3898 600 3945 seruo
621 3876 828 3960 imperatum
847 3898 871 3938 a
890 3881 929 3941 P.
955 3878 1089 3952 Clodio,
1117 3890 1156 3940 stt
1179 3877 1362 3960 Pompeius
1383 3877 1596 3943 occideretur.

289 3972 472 4056 Pompeius
485 3971 603 4035 statim
618 3972 757 4035 domum
770 3970 886 4045 rediit,
904 3983 997 4039 etex
1010 3994 1051 4034 eo
1064 3993 1100 4033 se
1114 3971 1208 4034 domi
1218 3972 1347 4043 tenuit,·
1369 3983 1400 4036 et
1416 3971 1533 4037 Cicero
1547 3987 1599 4051 pro

289 4067 416 4130 Milone
439 4088 468 4128 c.
487 4071 538 4129 7.:
562 4066 833 4151 comprehensus
855 4076 907 4127 est
927 4064 963 4126 in
981 4067 1107 4147 templo
1125 4066 1280 4130 Castoris
1297 4087 1415 4133 servus
1428 4071 1472 4149 P.
1487 4060 1599 4131 Clodii.

290 4181 391 4244 ouem
411 4161 468 4222 ille
492 4159 540 4222 ad
565 4161 604 4222 0.
625 4157 826 4240 Pompeium
845 4158 1124 4235 interficiendum
1143 4154 1351 4245 ‘collos-arat.
1390 4164 1542 4225 Extorto
1559 4163 1603 4217 est

288 4251 472 4330 confitenti
499 4251 573 4314 sica
600 4253 641 4315 ele
672 4251 848 4323 suaniam,-
874 4252 987 4313 ecrm‘t
1011 4249 1101 4340 foro
1121 4244 1304 4335 Pompeius
1324 4266 1468 4335 postea,
1499 4245 1604 4314 carnut

289 4357 430 4421 senatu,
453 4344 566 4408 carnit
583 4344 734 4428 publico.
772 4345 847 4407 Huc
868 4343 1004 4426 pertinet
1026 4345 1105 4407 illud
1119 4347 1281 4414 Paradox.
1301 4347 1381 4410 lV.:
1405 4349 1493 4411 Ante
1513 4362 1602 4408 seno·

210 4504 213 4508 Α
289 4452 363 4503 turn
383 4450 445 4501 tua
465 4439 539 4502 sica
561 4438 773 4520 deprehenso
791 4449 862 4510 est,·
895 4451 925 4502 et
945 4440 973 4501 in
996 4440 1146 4503 Pisonem
1175 4460 1246 4521 cap.
1272 4441 1341 4502 12:
1374 4441 1601 4523 Deprehensus

289 4554 368 4595 cum
384 4530 491 4619 ferro
519 4533 566 4595 cd
585 4544 742 4596 senatum
766 4532 816 4605 is,
849 4553 949 4616 quem
973 4532 1020 4594 ad
1040 4538 1101 4597 Gn.
1126 4532 1326 4614 Pompeium
1349 4529 1600 4595 interimendum

277 4626 493 4689 collocatum
505 4624 633 4716 fuisse
654 4627 844 4691 constabat.
877 4624 1025 4688 Meminit
1047 4627 1139 4689 etiam
1162 4646 1225 4708 pro
1243 4628 1342 4689 ⁴alonna
1365 4647 1395 4689 c.
1412 4626 1463 4689 25.
1486 4626 1599 4703 Quarto

290 4717 366 4783 llal.
391 4719 593 4783 Novembres
616 4730 691 4783 octo
713 4719 831 4813 tribuni
853 4720 940 4801 pleb.
963 4720 1001 4782 de
1024 4718 1190 4783 Ciceronis
1216 4717 1319 4781 reditu
1341 4719 1444 4804 legem
1465 4711 1598 4801 promul·

298 4839 1599 4869 --.-..—............--..-....---.-..--·

298 4894 301 4899 Ι
328 4918 357 4991 t)
378 4886 443 4990 Lep.
462 4915 495 4972 L.
513 4916 632 4971 Ninnio.
