3348 5584
311 371 374 435 cm
492 334 499 348 ’
562 368 907 435 memoriosum
934 367 1084 438 virus
1112 366 1366 436 cicuuouis

527 845 643 929 iisque,
665 842 720 928 qui
735 860 796 927 pro
815 843 1007 911 consulibus
1027 844 1327 935 edormiuerunt,
1348 848 1524 937 negotium

527 935 634 1024 dedit,
660 939 698 1000 ut
722 941 897 1021 emerent,
932 939 1073 1025 nequid
1101 941 1309 1026 respublica
1329 938 1523 1008 detrimenti
1669 1010 1670 1013 ,

527 1032 673 1117 cuperet.
715 1024 855 1116 Cicero,
898 1049 971 1103 cum
998 1033 1124 1099 frustra
1142 1035 1251 1099 omnis
1275 1038 1366 1099 esset
1392 1055 1553 1121 expers

528 1130 596 1212 tus,
619 1142 705 1210 quse
719 1123 765 1189 ud
780 1124 991 1193 concordiem
1002 1128 1220 1212 pertinerent,
1240 1131 1416 1214 posquam
1427 1125 1523 1200 Cse-

452 1294 453 1297 ¹
526 1238 603 1301 sur,
623 1219 798 1285 Rubicone
816 1221 973 1307 traiecto,
992 1221 1167 1306 ‚complure
1185 1220 1308 1306 oppidu
1324 1240 1523 1308 occupave-

429 1366 432 1385 ,
526 1317 596 1395 rut,
627 1330 695 1378 unu
716 1333 789 1379 cum
809 1316 1016 1403 consulibus,
1044 1317 1100 1401 qui
1117 1316 1310 1400 Pompeium
1326 1319 1522 1403 sequeban-

526 1414 598 1495 tur,
624 1411 667 1476 sb
686 1408 778 1477 Urbe
802 1408 957 1477 discessit
983 1415 1018 1478 et
1041 1408 1188 1496 Capuam
1210 1427 1366 1494 oramque
1388 1413 1523 1476 meriti-

527 1523 610 1569 mum
630 1522 653 1569 u
678 1504 820 1569 Formiis
842 1505 998 1572 tuendum
1020 1506 1178 1589 suscepit.
1219 1502 1399 1594 Pompeius
1420 1504 1521 1577 viii.

527 1597 603 1663 Kui.
625 1596 730 1663 Mart
753 1598 965 1665 Brundisium
991 1602 1095 1665 veuit.
1119 1600 1197 1666 vii.
1227 1602 1278 1669 id
1299 1602 1403 1669 Mart
1427 1597 1522 1668 Cse-

467 1684 471 1688 ’
526 1688 646 1756 sured
671 1710 797 1766 murium
821 1694 934 1759 custrs
958 1695 1062 1779 ponit
1087 1691 1182 1760 xvi.
1207 1694 1285 1763 Kui.
1308 1696 1394 1783 Apr.
1413 1695 1521 1763 Pom-

527 1784 622 1870 peius
643 1783 844 1872 Brundisio,
883 1805 956 1853 cum
989 1786 1138 1857 omnibus
1162 1792 1285 1873 copiis,
1318 1791 1462 1856 novibus
1486 1792 1522 1854 in

526 1877 700 1945 Graeciam
717 1880 850 1944 truiicit.
893 1874 1020 1945 Cuesur
1041 1883 1177 1966 postero
1207 1880 1262 1948 die
1281 1883 1438 1969 oppidum
1464 1886 1521 1948 in-

525 1989 663 2059 gressus
690 1976 725 2037 et
754 1976 973 2041 concionatus
1004 1973 1144 2040 Romam
1174 1976 1409 2061 proficiscitur,
1453 1997 1520 2064 quo

525 2066 559 2128 in
578 2066 696 2130 itinere
713 2061 832 2133 Cicero
856 2086 928 2133 eum
948 2070 1116 2136 conuenit.
1143 2069 1220 2136 vii.
1248 2070 1299 2136 ld.
1318 2072 1402 2159 Iun„
1419 2074 1521 2157 post-

426 2234 432 2247 ,
526 2176 623 2244 quem
639 2157 762 2244 Arpini
780 2160 846 2225 iiio
868 2167 982 2251 togam
1003 2180 1119 2249 puram
1141 2162 1298 2253 dederet,
1325 2164 1520 2249 Pompeium

525 2256 560 2318 in
581 2252 755 2322 Graeciam
787 2259 964 2321 secutums
992 2274 1112 2321 novem
1146 2258 1350 2324 conscendit.
1390 2256 1521 2324 Caesar

525 2349 688 2434 Hisponis
718 2349 859 2434 potitur,
891 2351 1059 2434 superatis
1087 2349 1236 2436 Pompeii
1265 2352 1408 2441 tegetis,
1441 2355 1520 2417 ets

524 2441 574 2508 M,
597 2441 727 2527 Lepido
749 2444 909 2526 praetore
939 2441 1086 2508 dictator
1105 2441 1215 2509 dicius
1233 2443 1361 2511 Romae
1384 2447 1518 2511 comitis

526 2535 643 2618 hebet,
664 2537 783 2620 quibus
803 2538 876 2621 ipse
891 2553 965 2602 cum
980 2535 1019 2600 P.
1032 2532 1179 2602 Servilio
1202 2556 1270 2604 cos
1288 2542 1432 2606 creetur.

320 2693 400 2766 706
439 2695 492 2762 48
527 2687 623 2754 Coss.
667 2691 703 2848 ii.
731 2689 843 2799 lidius
878 2690 1003 2754 Cacsar
1032 2691 1101 2767 ii..
1137 2694 1177 2757 Ρ.
1216 2693 1380 2759 Seruilius
1409 2693 1519 2761 Vatia
1551 2690 1597 2761 iiii

690 2803 861 2851 susurrores.

569 2892 689 2959 Caesar
707 2896 791 2977 prid.
820 2897 909 2961 Nou.
937 2898 1007 2961 lun.
1036 2896 1209 2963 Brundisio
1233 2898 1265 2961 iu
1286 2898 1422 2983 Epirum
1448 2911 1514 2964 tra·

526 2988 608 3066 iieii,
632 2989 822 3072 Pompeium
844 2989 1038 3073 Dyrrhachii
1064 2991 1208 3070 obsidet,
1233 2993 1286 3078 qui
1301 2993 1373 3058 iude
1386 2997 1515 3077 elapsus
1575 2986 1581 2998 ’

525 3084 642 3147 beilum
664 3082 697 3147 in
720 3082 916 3147 'thessaliam
938 3086 1112 3166 transfert,
1134 3086 1189 3151 ubi
1206 3087 1334 3170 pruciis
1351 3091 1392 3152 sd
1409 3090 1514 3154 Phar·

526 3178 625 3241 solium
648 3177 733 3261 prid.
759 3177 832 3242 iiai.
857 3177 934 3243 Oct.
958 3200 976 3243 a
998 3178 1138 3244 Caesare
1157 3180 1262 3244 ricius
1279 3182 1311 3244 iu
1328 3183 1512 3267 Aegyptum

526 3272 609 3358 iugit
652 3273 692 3335 sd
726 3273 945 3337 Pioiemseum
985 3293 1119 3355 puerum
1163 3272 1272 3358 ibique
1307 3274 1511 3340 inieriieiiur.

527 3365 649 3433 Caesar
666 3365 783 3429 heiluui
801 3365 1049 3429 Alexandrinum
1071 3366 1167 3450 gerit.

568 3478 686 3550 Cicero
705 3483 864 3551 eburnis
882 3481 1058 3550 discedens
1073 3484 1284 3552 Brundisium
1305 3488 1407 3553 venit

322 3638 401 3707 707
441 3636 495 3706 47
529 3637 564 3702 C.
587 3634 698 3704 iuliis
721 3639 915 3705 suasorii.
938 3633 1106 3713 Dictator,
1146 3641 1202 3704 M.
1231 3642 1405 3707 Antonius
1435 3645 1512 3709 Ms·
1546 3630 1594 3704 60
1649 3700 1654 3710 ,

671 3731 772 3817 gister
794 3730 962 3818 Equitum.

571 3845 709 3937 Caesar,
730 3849 818 3917 belio
841 3845 1077 3943 Alexandrino·
1091 3851 1265 3941 coniecto,
1300 3873 1413 3922 mense
1443 3851 1513 3922 Se-

526 3945 668 4031 ptembri
684 3943 718 4006 in
739 3942 871 4008 itoiium
887 3940 985 4011 rediit
1007 3943 1102 4029 eique
1121 3941 1238 4012 Cicero
1265 3943 1396 4013 obviem
1428 3969 1511 4035 pro·

523 4041 634 4107 cessit
676 4030 803 4102 Csesor
823 4041 861 4101 ut
880 4055 952 4102 eum
970 4037 1032 4102 sibi
1055 4056 1231 4106 occurrere
1244 4040 1345 4123 vidit,
1366 4041 1510 4110 descen-

523 4133 572 4199 dit
598 4146 736 4216 sumque
754 4129 929 4209 salutavit,
967 4149 1040 4195 cum
1065 4150 1171 4216 eoque
1193 4134 1387 4220 colloquens
1408 4137 1510 4202 multu

522 4223 632 4292 studio
649 4224 825 4310 processit.
871 4221 991 4289 Psulio
1008 4227 1087 4309 post
1105 4220 1241 4307 Cicero,
1267 4230 1445 4315 quinoque
1467 4227 1510 4296 sd

521 4318 555 4386 id
584 4322 715 4404 tempus
740 4314 909 4383 Brundisii
939 4322 1160 4385 commoratus
1192 4323 1282 4407 erut,
1320 4321 1355 4387 in
1384 4321 1506 4390 Urbem

522 4414 626 4479 venit

566 4519 686 4584 Tribus
714 4517 864 4583 extremis
893 4519 926 4587 b.
946 4538 977 4585 a.
1003 4519 1161 4585 mensibus
1192 4541 1279 4586 coss.
1306 4521 1437 4587 suerunt
1462 4523 1504 4604 Q.

522 4614 635 4679 Fufius
664 4610 803 4677 Calenus
832 4625 863 4677 et
903 4614 945 4678 Ρ.
970 4613 1130 4680 Vuiiuius.
1182 4613 1303 4680 Caesar
1333 4619 1399 4683 vi.
1432 4617 1505 4683 iiai.

522 4710 594 4773 Ian.
620 4704 778 4787 Lilybaeo
804 4705 835 4768 iu
862 4706 1006 4774 Africam
1035 4706 1175 4789 traiecit,
1211 4710 1327 4773 beilum
1356 4713 1505 4775 adversus

524 4800 764 4884 Pompeianos,
790 4798 970 4884 Scipionem
989 4812 1022 4866 et
1046 4801 1203 4868 Csiouem
1223 4815 1254 4866 ei
1276 4805 1387 4869 Iubsru
1413 4806 1505 4871 Meu·

523 4894 655 4958 riisniae
679 4914 789 4980 regem
813 4907 974 4981 gesturus.
