3348 5584
442 397 537 465 rua
557 398 712 465 uuuos
735 376 953 465 morsm.
1296 396 1357 461 sss

63 622 129 673 duni
160 620 232 674 Ante

63 694 130 750 Μ.
160 696 234 751 cmi.

60 874 132 945 708
171 872 224 946 46
256 868 354 936 Coss.
400 872 436 934 0.
458 867 568 935 lulius
582 870 705 936 esaar
719 870 806 946 tin,
828 873 883 936 Μ.
898 869 1067 936 Aemilius
1079 865 1243 951 Lepidus.
1279 866 1329 939 61

299 986 334 1049 0.
356 981 468 1049 Iulius
485 985 611 1048 Caesar
633 981 738 1047 simul
761 982 829 1048 ΙΙΙ.
852 981 1023 1061 Dictator,
1048 982 1103 1047 Μ.
1126 976 1243 1045 Aemi·

255 1075 323 1140 lius
345 1075 497 1160 Lepidus
520 1076 615 1161 Mag.
641 1077 805 1160 Equitum.

300 1170 422 1236 Caesar
435 1169 525 1234 initio
535 1172 647 1234 mensis
654 1170 776 1253 Aprilis
786 1168 967 1255 Scipionem
976 1179 1008 1233 et
1020 1167 1130 1231 Iubam
1147 1162 1244 1229 vincit

257 1263 628 1348 PaucisdicbuspostM.
637 1263 906 1330 CatoUticacsibi
916 1275 1050 1329 mortem
1060 1258 1242 1326 consciscit.

258 1358 390 1432 Caesar,
402 1356 556 1422 Africano
568 1358 829 1435 betto'eontecm
853 1360 904 1422 ld.
912 1356 1010 1423 Iuniis
1022 1357 1152 1420 classem
1166 1372 1244 1416 con·

255 1451 379 1515 scendit
400 1461 432 1514 et
453 1452 503 1515 die
529 1453 624 1518 tertio
649 1453 680 1516 in
706 1452 881 1517 Sardiniam
909 1450 1009 1514 uenit.
1067 1449 1147 1514 Inde
1177 1447 1242 1511 ΙΙΙ.

258 1545 333 1611 tint.
353 1544 465 1627 Quint.
491 1547 658 1629 protectus
682 1550 818 1612 Romam
843 1546 929 1611 venii
950 1567 978 1610 a.
999 1547 1031 1608 d.
1059 1543 1144 1607 VII.
1170 1540 1245 1608 Kal.

258 1642 350 1705 Sext.
394 1639 445 1705 Ibi
468 1653 606 1723 qrratuor
630 1641 797 1726 triumphis
815 1641 893 1705 actis
919 1662 985 1705 rem
1014 1638 1128 1721 publ,
1158 1657 1242 1700 sum·

258 1755 336 1798 mam
367 1746 556 1817 potestatem
590 1748 717 1814 nactus,
752 1735 927 1802 constituit.
973 1736 1131 1799 Extremo
1161 1750 1244 1796 anno
1375 1794 1380 1799 .

257 1830 297 1890 ad
316 1828 432 1892 bellum
451 1827 665 1913 Hispaniense
687 1833 840 1897 adversus
860 1828 1007 1914 Pompeii
1030 1827 1148 1892 liberos
1166 1845 1244 1908 prn-

256 1921 358 1985 lectus
384 1931 433 1985 est
460 1934 492 1985 et
516 1935 589 2004 post
610 1925 753 1989 XXVII
780 1924 897 1988 diesin
933 1920 1117 2005 Hispaniam
1141 1917 1240 1983 venit·

258 2017 381 2079 Eodem
411 2037 495 2080 anno
517 2015 639 2082 Caesar
664 2020 765 2083 lastos
792 2017 934 2083 correxit
963 2028 994 2082 et
1018 2028 1054 2081 ut
1077 2015 1109 2080 iu
1133 2026 1244 2098 poste·

258 2130 386 2173 rumex
409 2110 484 2175 Kal.
507 2113 578 2175 lan.
602 2123 781 2194 temporum
805 2113 889 2176 ratio
916 2111 1015 2196 magis
1033 2118 1242 2195 corrgrueret,

258 2201 342 2283 inter
363 2205 545 2268 Novembr.
562 2216 594 2269 et
608 2206 781 2270 Decembr.
806 2227 926 2270 meuses
949 2208 1028 2269 duros
1052 2205 1131 2267 alios
1144 2201 1245 2266 inter·

258 2295 350 2371 iecit,
385 2296 427 2359 ita
456 2308 490 2359 ut
518 2296 569 2360 bio
595 2320 694 2360 annm
718 2306 849 2363 servato
884 2307 992 2361 vetere
1014 2316 1121 2359 mense
1145 2295 1244 2359 inter·

258 2389 395 2466 celeris,
419 2390 504 2454 XV.
531 2392 684 2455 mensium
704 2402 800 2455 esset.

299 2502 417 2573 Cicero
434 2505 465 2573 Ιι.
481 2527 511 2574 u.
525 2513 735 2598 partitiones
758 2514 944 2597 oratorias,
966 2505 1087 2574 delude
1105 2506 1245 2572 laudem

260 2595 406 2667 Gatoiiis
432 2602 585 2690 scripsit,
624 2604 676 2668 ent
704 2596 831 2670 Caesar
858 2598 1107 2668 Asstieotoueus
1135 2617 1245 2684 oppo-

256 2696 338 2760 suit.
382 2695 511 2761 Deinde
533 2697 668 2781 scripsit
689 2692 875 2763 Oratorem
890 2693 934 2760 sd
950 2694 1001 2760 Μ.
1015 2694 1165 2777 Brutum,
1189 2693 1244 2778 qul

258 2792 325 2867 tuns
353 2789 483 2857 Gullioe
506 2786 696 2876 Cisalpinae
723 2793 888 2875 praeerat.
929 2787 1021 2855 Prid.
1043 2787 1120 2855 Ksl.
1138 2789 1245 2852 iuter-

257 2882 357 2949 cum.
384 2884 514 2968 priores
535 2883 624 2971 apud
645 2880 824 2951 Caesarem
844 2883 961 2950 babuit
979 2886 1162 2950 orubionem
1183 2899 1244 2967 pro

258 2975 298 3058 Q.
324 2975 485 3065 Ltpurto,
519 2996 613 3063 quem
639 2976 679 3062 Q.
707 2975 827 3042 Aelius
855 2975 987 3045 Tubero
1016 2978 1246 3043 accusaverat.

254 3069 417 3136 Extremo
433 3089 522 3136 uuuo
539 3089 612 3138 eun
627 3070 785 3139 Terentio
796 3090 902 3138 uxore
916 3069 1095 3136 divortlum
1112 3070 1203 3157 tecit,

64 3200 132 3274 ios
168 3207 222 3275 ts
258 3205 357 3272 eoo.
402 3209 439 3273 e.
456 3208 568 3274 ruso
591 3212 717 3274 caesar
738 3211 803 3274 ιν.
840 3207 1008 3284 orciuos,
1038 3208 1096 3272 m.
1127 3176 1244 3273 Asus-
1281 3199 1336 3271 tia

401 3300 469 3365 lius
490 3301 642 3386 Lepidus
665 3304 762 3387 Mag.
781 3300 949 3387 Equitum.

299 3415 428 3479 caesar
450 3414 556 3478 simul
577 3416 643 3479 tv.
663 3414 779 3479 'consul
799 3412 875 3478 siue
897 3414 1031 3497 collega
1046 3412 1137 3502 fuit.

301 3524 441 3602 Caesar,
471 3527 564 3591 vietis
593 3527 624 3590 iu
654 3526 809 3609 Hispania
836 3524 984 3607 Pompeii
1008 3524 1103 3604 liliis,
1142 3527 1243 3590 Sexto
1336 3598 1342 3609 ¹

259 3630 290 3682 et
312 3616 442 3694 Cnseo,
468 3642 575 3686 meuse
599 3620 737 3687 Octobri
759 3623 896 3685 Romam
914 3641 1063 3684 resersus
1078 3620 1245 3686 consulatu

259 3734 292 3777 sc
317 3713 443 3776 abdicat
477 3727 509 3778 et
536 3715 580 3796 Q.
612 3714 744 3779 Fabium
775 3714 954 3779 Maximum
983 3726 1015 3778 et
1045 3711 1087 3780 C.
1116 3716 1245 3779 Trebu-

259 3808 342 3871 nium
365 3806 423 3871 sibi
449 3807 575 3871 sufficit.
619 3809 740 3883 Ultimo
770 3820 871 3873 autem
895 3807 1084 3873 Decembris
1107 3807 1157 3872 die
1175 3828 1245 3872 cum

259 3901 376 3965 Fabius
413 3901 622 3978 decessisset,
653 3902 855 3966 ·'l'rebonius
889 3922 970 3967 vero
1010 3904 1156 3977 abesset„
1202 3899 1244 3968 C.

261 3994 410 4061 Caninius
437 3993 572 4060 Rebilus
594 3997 706 4059 consul
731 3996 950 4074 renuntiatur,
974 3998 1051 4083 qui,
1077 4007 1112 4059 ut
1127 3993 1245 4062 Cicero
1332 4046 1334 4051 -

259 4088 442 4165 iocabatur,
474 4091 552 4154 adeo
570 4088 703 4174 vigilans
726 4092 839 4155 consul
864 4090 947 4170 tuit,
985 4101 1020 4154 ut
1043 4099 1115 4156 toto
1130 4111 1245 4155 coosu-

258 4183 324 4246 lrtu
346 4203 489 4247 serranum
513 4204 575 4246 uon
601 4181 727 4247 viderit.

300 4285 418 4360 Cicero
433 4293 527 4359 tuitio
542 4292 574 4357 la.
595 4313 625 4360 u
642 4294 697 4358 vel
714 4295 886 4380 superiore
905 4297 1049 4361 exeunte
1065 4295 1165 4360 missu
1175 4292 1245 4359 'le-

220 4436 226 4451 .
258 4386 367 4451 rentlu
386 4383 562 4452 Publilium
585 4406 722 4453 uxoren
741 4386 857 4476 duxlt,
879 4387 973 4453 castus
994 4389 1083 4454 bons
1105 4385 1204 4453 lueres
1225 4403 1248 4450 s

258 4484 355 4566 putre
376 4478 695 4547 fideicommisssrlus
717 4481 855 4548 relictus
876 4479 1095 4547 custodiebat
1137 4478 1247 4545 'l'ullls

259 4573 331 4639 elus
340 4572 423 4658 filiu,
444 4578 523 4658 post
542 4574 720 4642 divortium
733 4593 807 4640 oum
822 4572 1000 4641 Dolabella
1015 4574 1149 4658 tectum,
1170 4571 1247 4638 llo·

259 4685 330 4732 nse
353 4664 487 4732 tliolnm
509 4670 641 4752 peperit
673 4672 708 4734 et
739 4666 854 4755 paullo
876 4673 953 4755 post
976 4667 1062 4735 dterr
1084 4668 1166 4736 obtlt
1184 4688 1248 4734 su-

230 4777 413 4851 ppremum.
467 4756 586 4829 Cicero
618 4760 834 4829 vehementer
857 4765 928 4829 etus
952 4765 1059 4830 morte
1090 4761 1247 4843 senicius,

258 4850 403 4919 l’nbllltu
428 4852 583 4938 unius,
620 4855 770 4923 Astures
799 4875 837 4923 se
868 4854 996 4923 sbdidlt
1032 4855 1246 4944 doloremque

257 4966 351 5015 sunm
375 4950 496 5035 partlm
513 4949 583 5016 tunt
608 4947 740 5018 rumas
762 4948 914 5043 erigendi
936 4948 1094 5036 soruba,
1125 4951 1246 5038 partlm
