3322 5584
517 398 673 462 oreon
699 398 870 465 oneum.
1022 372 1024 376 ’
1304 407 1363 469 eor

129 539 235 623 Volgo
258 539 373 602 babent
395 559 457 621 pro
481 560 565 603 mern
588 538 797 603 Victorianus
819 540 1027 624 repetitione,
1052 546 1131 608 adeo
1155 556 1189 607 nt
1205 547 1363 610 Gruterus

56 637 128 697 hartel
145 654 218 696 raro
242 635 329 698 Rob.
350 633 502 715 Stephani
524 634 689 698 lectionem
713 646 870 719 tamquam
884 638 1104 702 Victorianam
1127 640 1257 717 afferat,
1282 644 1363 704 rende

57 728 131 792 multi
151 740 182 791 et
202 748 318 813 graves
342 748 470 792 errores
493 727 556 790 nati
578 740 661 792 sum.
705 730 768 790 Sed
794 730 954 794 rhetorica
981 730 1084 796 omnia
1110 744 1140 795 et
1161 732 1234 796 libri
1259 735 1304 809 de,
1320 734 1365 797 le-

56 826 135 908 gibus
156 842 286 904 prorsus
308 822 457 885 differunt
480 845 495 883 a
522 820 721 899 Victoriana,
747 836 778 886 et
800 822 829 888 in
854 825 968 888 ceteris
991 846 1120 909 quoque
1141 826 1270 908 seriptis
1290 849 1364 910 pas-

57 917 105 981 sion
124 916 270 981 nonnulla
295 927 411 978 mutata
437 927 521 978 siant.

125 1028 145 1088 ε
164 1004 194 1099 †
217 1012 331 1100 llpern
348 1014 459 1079 Monet
481 1014 578 1080 'l'ulttt
600 1009 772 1080 Ciceronis
794 1021 956 1103 quotquot
977 1019 1019 1083 nb
1043 1019 1178 1083 totcrltn
1202 1019 1365 1087 vintlleart

55 1128 233 1177 sannorum
262 1110 407 1173 utrorum
437 1106 598 1172 industrio
627 1111 806 1191 potuerunt
834 1129 906 1176 cunr
935 1116 1084 1177 veterum
1114 1115 1365 1198 exemplarium,

56 1212 111 1270 tun
129 1204 348 1270 recentiorum
372 1202 551 1267 collntlooe
575 1204 739 1266 restituto.
780 1203 835 1269 bix
860 1206 1089 1291 recogoltlonc
1111 1205 1268 1272 loncbtrnt
1292 1203 1362 1274 Cn-

55 1300 167 1364 nerarlt
189 1296 415 1381 Pubergeosis
430 1296 616 1360 eleborata:
639 1296 733 1360 cutus
752 1299 785 1359 et
803 1296 951 1362 locorum
968 1299 1093 1384 oltqoot
1110 1302 1364 1384 praecipuorum

54 1393 271 1457 ooootnlloocs
288 1390 543 1475 subiunguntur.
586 1387 815 1454 Aceesscrunl
833 1393 1074 1479 conligationes
1096 1392 1189 1458 Petri
1211 1394 1243 1458 V
1243 1395 1365 1479 letorii,

55 1505 147 1551 rerum
174 1487 207 1550 cl
236 1484 415 1547 vorborum
442 1480 542 1546 rrroex
570 1484 739 1566 eoplosuS,
767 1484 1015 1549 Aornotutloocs
1043 1505 1173 1571 quoque
1197 1490 1364 1552 vanorum

54 1578 185 1644 coelicum
203 1576 246 1642 od
264 1596 338 1641 eune
361 1574 488 1639 modurn
511 1579 692 1660 tractatae,
714 1582 749 1641 nt
768 1576 969 1662 persiciendo
989 1579 1081 1661 operi
1100 1580 1190 1643 nullu
1209 1582 1241 1644 lu
1261 1599 1364 1664 prec-

53 1674 215 1738 eeottnrum
237 1670 307 1734 oen
326 1671 432 1753 possit
450 1671 608 1734 accessio.
651 1671 821 1753 Basileon,
844 1690 887 1735 cx
905 1672 958 1735 off.
976 1672 1203 1760 Hervugluoo.
1249 1673 1364 1741 1540.

55 1763 187 1828 l'lornl.
210 1755 426 1849 (biternum,
448 1766 489 1827 ot
508 1763 689 1848 coemptor
713 1762 918 1847 lIlerlceuse,
943 1765 965 1829 ὅ
986 1756 1082 1843 Vol.)
1105 1765 1177 1830 not.

123 1854 240 1936 Magna
265 1873 335 1913 enm
357 1850 502 1912 counione
526 1852 697 1913 adhibenda
721 1854 798 1914 haec
820 1864 867 1913 cst
888 1853 1012 1928 Editio,
1048 1854 1167 1938 quippo
1199 1878 1280 1940 quae
1306 1879 1364 1920 ex-

54 1945 144 2008 hibeat
170 1944 337 2008 lectionem
368 1941 494 2004 liliatam
523 1965 565 2004 ex
591 1945 797 2025 Hervagiana
823 1957 853 2007 et
876 1947 1082 2024 Victoriana,
1114 1960 1147 2010 ut
1170 1962 1294 2012 constat
1320 1971 1360 2012 ex

54 2039 93 2103 uo
106 2037 276 2104 camerarii
293 2037 391 2118 ipsios
412 2035 535 2097 uerbis:
562 2084 576 2108 ,‚
588 2039 662 2120 Ego
686 2039 811 2121 quidem
833 2054 982 2122 suscepto
1005 2042 1236 2125 recognitionis
1254 2045 1361 2107 errius·

55 2132 320 2216 conscriptorum
340 2129 507 2194 Ciceronis
528 2129 656 2204 labore,
682 2144 841 2214 quotquot
864 2135 954 2214 potui
978 2136 1123 2216 exempla
1139 2137 1265 2201 illorum
1284 2160 1362 2202 con-

55 2226 168 2313 quisivi,
196 2231 253 2291 scel
282 2249 319 2290 ea
346 2224 449 2288 omnia
478 2224 569 2287 luere
596 2247 698 2299 noea,
728 2225 759 2287 in
791 2227 924 2288 roariroa
952 2239 1118 2293 vctrrstatc.
1165 2231 1254 2293 Inter
1281 2233 1362 2295 haec

55 2345 132 2385 nonna
152 2322 398 2387 recentissimum
422 2320 502 2382 nacti
526 2340 650 2392 sttruos,
675 2322 731 2380 scel
755 2320 925 2400 optirnnm3
949 2321 1066 2403 quippe
1086 2324 1170 2403 quod
1195 2327 1235 2386 ad
1255 2324 1362 2407 prisea

56 2420 187 2499 quaedam
210 2417 405 2498 descriptum
435 2427 466 2477 et
491 2411 656 2477 luculentis
680 2413 936 2476 annotationibus
960 2414 1148 2479 illustratum
1172 2429 1253 2478 esset
1279 2439 1295 2478 a
1321 2420 1361 2484 Ρ.

56 2510 206 2586 Victorio,
230 2510 436 2582 doctissimo,
462 2520 492 2568 nt
510 2528 560 2569 res
576 2508 707 2586 probat,
736 2507 822 2569 uiro:
848 2529 911 2590 quo
936 2506 1103 2588 plurimum
1126 2509 1155 2569 io
1177 2508 1361 2573 ‹liversitate

55 2602 180 2668 lectionis
201 2618 233 2668 ct
257 2603 436 2685 scripturae
459 2601 613 2664 varietate
631 2605 806 2663 annotanda
828 2601 873 2663 usi
890 2623 1008 2663 suours.
1044 2601 1115 2664 Etsi
1131 2613 1232 2664 autem
1249 2603 1359 2685 priora

55 2694 192 2760 interdum
219 2696 405 2761 retinuimus
434 2693 535 2759 secuti
556 2693 711 2756 rationem
738 2708 768 2757 et
791 2694 936 2758 irulicium
959 2706 1118 2770 nostrum,
1152 2696 1234 2758 illius
1256 2709 1358 2761 tameu

55 2789 115 2852 libri
134 2812 222 2874 quem
245 2793 406 2855 Venetom
428 2791 563 2874 quodam
588 2786 701 2870 insigni
725 2788 850 2850 nomine
874 2787 991 2869 placuit
1013 2788 1193 2871 appellare,
1217 2791 1362 2854 testimo-

55 2884 97 2946 nio
119 2885 149 2947 in
177 2884 341 2968 plerisque
370 2885 460 2946 iidem
498 2883 661 2944 habitionis
689 2892 720 2943 et
751 2882 830 2943 illius
859 2882 1075 2945 arretoritatern
1099 2904 1204 2946 srrrrrus
1228 2885 1361 2949 secero?

56 2978 117 3043 Hoc
145 2980 295 3043 monitum
328 3000 390 3041 uon
422 2979 617 3040 attendentes
642 2973 722 3036 VV.
741 2974 820 3039 DD.
840 2975 982 3037 nonnulli
1007 2976 1162 3038 Venetam
1186 2976 1363 3040 Carnerarii

57 3074 200 3156 exemplar
221 3094 286 3155 pro
309 3070 500 3153 nescioquo
523 3066 672 3131 Editionc
694 3067 819 3152 antiqua
843 3070 915 3132 See.
938 3070 1020 3131 XV.
1042 3071 1233 3133 habuerunt.

124 3211 164 3221 -
184 3190 288 3258 opero
305 3190 351 3237 ere
367 3168 461 3235 Petri
475 3166 616 3233 Victori!
632 3167 917 3251 castigationibus.
947 3169 1008 3232 His
1026 3173 1240 3235 accesserunt
1257 3171 1362 3235 casti..

55 3265 205 3349 pilorum
228 3262 373 3331 elusrlcor
397 3263 536 3328 Vlclortl
562 3259 803 3342 explleutiouos
824 3279 864 3326 oce
888 3261 998 3326 loueb.
1016 3256 1196 3326 camerarii
1214 3264 1362 3327 nitriote-

57 3357 157 3423 tloocs
198 3358 372 3444 Lugduni,
393 3353 472 3421 Sub.
494 3351 665 3439 Grypbios
691 3349 802 3415 tato.
845 3348 869 3416 9
893 3354 966 3418 Vol.
990 3356 1024 3417 8.

126 3445 347 3509 Praecedeotis
372 3442 534 3525 repetitio.

126 3555 206 3618 ε-
227 3536 374 3629 (mmo,
397 3530 588 3625 corr'lqeute
606 3536 719 3604 Porrlo
737 3533 935 3622 Murrentio.)
981 3542 1149 3625 Venetiis,
1170 3542 1258 3629 opud
1280 3544 1362 3611 Alrll

58 3633 128 3701 tto
151 3628 428 3703 1540-15-16.
470 3628 495 3696 9
519 3632 592 3697 Vol.
616 3633 650 3696 8.

128 3723 349 3791 concinnanda
372 3734 419 3785 est
441 3723 519 3783 baec
542 3720 648 3784 Editio
671 3744 709 3784 ex
734 3720 779 3784 his
803 3722 937 3807 singulis
956 3724 1120 3805 partibus:
1147 3723 1218 3791 Cic.
1238 3727 1361 3791 Rheto-

46 3813 121 3877 rica.
171 3817 333 3893 venetiis,
368 3819 453 3897 apud
477 3814 553 3879 Aldi
580 3814 677 3878 lilios.
698 3817 808 3885 ,1518
836 3853 877 3864 -
907 3817 1091 3882 Orationes.
1143 3817 1229 3882 loto.
1261 3821 1354 3882 1518.

59 3905 164 3973 tvot.
188 3947 227 3959 -
248 3912 416 3995 Epistulae
437 3911 618 3974 familiares.
661 3910 747 3974 Ibid.
772 3912 865 3973 1510.
889 3945 930 3956 -
952 3910 1117 3992 Epistulae
1139 3914 1178 3972 ad
1202 3912 1355 3988 Atticum,

61 4000 175 4065 Brutum
196 4018 226 4069 et
245 4008 289 4086 Q.
308 4007 452 4069 lenirem.
495 4002 577 4066 Ibid.
603 4002 824 4068 ibim—De
844 4004 1042 4085 philosophia
1059 4007 1174 4068 Partes
1190 4005 1238 4067 11.
1274 4004 1358 4069 Ibid.

62 4096 141 4158 1511.
163 4130 202 4142 -
225 4102 318 4166 offic.
335 4099 426 4173 libri,
452 4096 552 4172 Cato,
574 4096 700 4160 Laelius
720 4109 781 4160 eet.
810 4097 894 4161 lbid.
914 4099 1008 4161 1511.
1052 4096 1161 4160 Priora
1179 4096 1250 4162 Cic.
1269 4098 1356 4180 Opp.

60 4185 167 4274 integra
188 4193 296 4258 Editio
318 4214 335 4255 a
359 4195 401 4256 P.
417 4191 563 4256 Manutio
588 4203 695 4252 curata
717 4191 795 4254 haec
816 4203 882 4265 est,
916 4212 996 4275 quae
1018 4192 1150 4272 praebet
1172 4211 1286 4259 novam
1311 4213 1360 4254 re·

61 4285 219 4349 censionem
235 4310 252 4350 e
269 4288 374 4352 Codd.
390 4286 527 4362 Italicis,
552 4284 636 4347 Edd.
661 4296 738 4347 vett.
758 4296 789 4346 et
807 4281 997 4347 coniecturis
1012 4283 1227 4347 constitutam.
1273 4285 1356 4349 Cum

60 4371 86 4435 in
103 4380 327 4457 posterioribus
349 4364 448 4462 osque
472 4380 510 4439 ad
528 4378 591 4440 Ed.
608 4397 636 4437 a.
653 4377 748 4440 1582.
772 4379 839 4440 sive
860 4377 935 4440 Atei
957 4376 1092 4459 Nepotis
1116 4377 1210 4440 errrrlta
1230 4399 1358 4461 semper

61 4463 204 4536 inmutata
223 4471 300 4550 sint,
332 4494 445 4559 magna
466 4468 612 4536 confinio
635 4491 675 4532 ex
698 4482 835 4532 conata
865 4474 930 4547 est,
956 4472 1043 4555 quod
1062 4469 1201 4534 editores
1224 4469 1277 4534 alii
1298 4472 1360 4536 alia

64 4558 229 4628 Maorttiana
249 4567 295 4629 osi
315 4578 401 4630 sunt.

133 4699 171 4710 -
194 4703 231 4713 -
251 4664 363 4730 tenne
389 4669 467 4751 post
486 4664 731 4751 Naugcrtuoom
759 4666 793 4729 et
820 4662 1044 4729 victorianum
1071 4661 1246 4729 emendato
1270 4684 1290 4730 a
1310 4666 1361 4731 Io.

64 4744 202 4823 Slurmlo.
241 4758 478 4848 Argentoretl,
498 4756 588 4841 opud
605 4757 849 4824 Wcrolelluum.
893 4756 1007 4825 1540.
1049 4750 1172 4823 9v0t
1195 4759 1230 4823 8.

139 4845 345 4931 „Paginarurn
374 4846 493 4911 numeri
519 4858 551 4909 ot
576 4867 723 4909 versuum
744 4846 868 4910 Aldinis
893 4846 1098 4929 respondent.
1143 4847 1263 4910 Eadem
1282 4860 1359 4931 post

68 4944 241 5010 postremam
262 4941 413 5027 Naugerii
443 4953 473 5004 et
495 4939 634 5004 Victorii
664 4942 828 5003 emendata
857 4961 874 5002 a
903 4940 954 5004 Io.
977 4939 1236 5020 stromateon,
1262 4943 1356 5019 1557,
