3322 5578
331 361 374 426 66
756 356 808 422 Μ.
829 356 993 424 TULLII
1014 352 1269 426 CICERONIS

212 506 214 511 ’
332 519 386 565 res
405 509 509 567 nutem
527 495 590 565 nisi
604 495 721 563 habitis
740 496 830 581 prius
845 497 980 564 comitiis
1000 498 1161 577 aedilitiis,
1188 497 1302 584 quibus
1319 497 1382 563 inne
1399 498 1547 567 decanta
1565 522 1636 567 nora

330 591 533 677 potissimum
553 592 766 668 afferebatur,
796 591 899 657 meari
917 613 983 658 nos
1000 603 1163 676 poterant.
1207 595 1245 661 ln
1264 594 1346 658 bane
1366 593 1550 657 sententian
1564 595 1634 660 Die:

334 686 455 753 Cicero
482 707 564 752 vero
587 685 620 751 is
642 684 786 751 Sestiann
810 702 883 769 esp.
906 686 961 751 tt.
983 686 1046 761 ait,
1068 688 1250 766 consulens,
1273 697 1473 772 praetorem,
1495 687 1636 753 tribuum

330 783 420 867 pleb.
442 802 529 849 nova
549 778 627 845 nori
644 778 772 866 generis
791 780 895 847 edicta
915 777 1143 863 proposuisse,
1177 803 1217 846 ue
1243 802 1318 846 reus
1347 784 1491 859 adesset,
1522 803 1559 846 ne
1575 783 1637 848 cita·

331 890 442 956 retur,
473 896 513 941 ne
535 884 762 962 quaereretur,
792 894 833 938 ne
851 872 1041 940 mentionem
1064 874 1193 940 omnino
1216 874 1362 963 utiquam
1379 875 1519 942 iudicum
1536 888 1585 941 aut
1600 876 1635 939 iu·

333 973 487 1041 diciorum
502 972 612 1038 iacere
631 970 757 1038 liceret.
787 971 862 1054 ero
880 968 1022 1053 pertinet
1037 969 1114 1034 iilud
1131 972 1169 1034 ds
1182 971 1314 1054 barusp.
1329 988 1479 1053 respons.
1493 991 1562 1053 esp.
1577 969 1636 1032 tt:

330 1066 547 1134 Restiterunt
573 1065 697 1143 enom,
728 1085 771 1129 us
798 1084 941 1128 coresom
969 1061 1109 1127 diceret.
1161 1064 1289 1145 ersre,
1318 1085 1390 1127 curn
1418 1063 1506 1127 Milo
1535 1062 1637 1127 videret

330 1161 446 1227 iudicia
466 1182 537 1226 esse
553 1161 692 1239 strbiata,
714 1179 755 1223 ne
770 1156 903 1225 Clodius
925 1157 1030 1222 omnia
1047 1155 1080 1221 ui
1097 1170 1209 1240 posset
1227 1158 1370 1230 efficere,
1394 1155 1533 1229 curarit,
1555 1154 1637 1238 inquit

273 1319 275 1324 ,
332 1254 414 1320 idem
434 1267 514 1338 post
530 1253 627 1319 redit.
647 1253 682 1316 in
702 1263 813 1317 senata
834 1273 906 1335 cap.
924 1252 958 1315 8.
1002 1249 1090 1315 Emit
1106 1250 1187 1314 enisu
1206 1251 1416 1337 gladiatores,
1440 1260 1478 1313 ut
1496 1249 1558 1316 Dio
1574 1248 1637 1313 seri·

331 1348 398 1427 bit,
422 1347 594 1434 dequibus
614 1344 734 1412 Cicero
754 1347 811 1410 lib.
830 1346 880 1410 11.
901 1366 973 1428 esp.
995 1347 1047 1408 17.
1071 1346 1110 1408 de
1127 1345 1267 1411 Officiis:
1290 1345 1360 1411 Sed
1378 1343 1506 1409 honori
1524 1363 1636 1407 susurro

332 1463 443 1528 nuper
453 1454 574 1509 nostro
580 1441 710 1508 Miloni
708 1438 807 1532 snit,
816 1441 909 1527 puori
915 1439 1169 1524 gladiatoribus
1180 1439 1303 1523 emptis
1313 1440 1366 1504 rei
1373 1438 1530 1524 publicos
1537 1456 1634 1510 como,

332 1558 422 1625 mens
440 1539 553 1602 solem
573 1545 696 1600 nostro
714 1534 972 1610 continebatur,
996 1555 1114 1598 omues
1135 1524 1311 1601 n'ctodtt
1331 1544 1478 1598 cosmus
1487 1530 1637 1625 fiunem·

331 1652 397 1718 que
422 1627 639 1715 compressit.
683 1630 817 1694 Senonas
840 1639 946 1693 aretem
972 1628 1073 1692 merito
1099 1639 1189 1703 ante,
1224 1648 1317 1714 quem
1346 1627 1401 1690 lex
1429 1628 1470 1689 ‹ie
1494 1621 1637 1691 Ciceronis

332 1723 438 1789 reditu
455 1723 517 1789 tuit
534 1724 617 1801 leta,
641 1723 761 1810 gratias
779 1724 917 1808 agendas
936 1721 1058 1787 censuit
1075 1720 1256 1786 civitatibus
1272 1722 1329 1799 iis,
1349 1743 1432 1806 quae
1451 1722 1505 1785 Μ.
1521 1718 1636 1784 Tutilium

333 1817 436 1883 civem
460 1817 581 1903 optime
596 1820 635 1882 de
655 1817 835 1903 republica
856 1816 999 1880 ureriuuu
1019 1815 1228 1898 recepissent3
1251 1838 1312 1898 pro
1330 1817 1429 1880 domo
1453 1835 1524 1896 cap.
1540 1811 1598 1886 37.,
1613 1808 1636 1871 ir

212 1944 213 1947 ¹
331 1910 485 1980 Pisonem
507 1932 580 1995 cap.
601 1911 673 1988 15„
695 1908 815 1977 Parati.
833 1911 899 1975 lv.
922 1921 954 1974 et
969 1910 1160 1975 Plutarchus
1176 1933 1206 1974 6.
1222 1910 1275 1977 33.
1317 1910 1407 1974 ldcus
1430 1906 1586 1979 decrevit,
1602 1912 1636 1978 ut,

335 2004 392 2092 qui
407 2004 595 2089 provincias
612 2026 682 2068 cunr
702 2000 839 2087 imperio
859 2002 1058 2080 obtinerent,
1082 2003 1137 2088 qui
1154 2017 1340 2089 quaestores
1360 2001 1523 2089 legatique
1540 2006 1635 2068 esseut,

297 2148 300 2153 -
332 2100 467 2165 salutem
496 2112 530 2164 et
555 2099 652 2163 vitam
682 2096 852 2165 Ciceronis
881 2098 1099 2175 cirstodircnt3
1129 2120 1190 2180 pro
1224 2098 1330 2163 Sestio
1363 2119 1438 2180 cap.
1469 2097 1521 2159 60.
1568 2090 1636 2154 Iden

163 2228 166 2231 ·
223 2260 226 2265 ,
334 2195 375 2258 ad
399 2195 454 2260 Μ.
480 2192 581 2258 ΤιιΙΙίἰ
607 2193 740 2259 salutern
767 2190 916 2255 auxilium
948 2191 1088 2255 omnium
1113 2191 1228 2256 civium
1254 2201 1368 2255 cuncta
1397 2213 1438 2253 ex
1466 2185 1570 2262 Italia,
1597 2178 1637 2265 qui

332 2306 401 2352 reru
429 2287 591 2372 publicam
620 2286 739 2350 salvam
767 2306 838 2349 esse
867 2286 1004 2362 veilent,
1035 2285 1238 2368 imploravit3
1267 2287 1299 2349 in
1325 2284 1479 2351 Pisonem
1506 2302 1573 2363 cap.
1597 2275 1635 2338 ii·

333 2380 468 2447 Factum
490 2381 571 2447 enim
590 2382 627 2446 S.
643 2377 686 2445 C.
704 2377 783 2456 init,
807 2390 842 2443 ut
863 2372 975 2443 litteris
994 2379 1214 2443 consiiiaribus
1232 2389 1345 2444 cuncta
1367 2400 1408 2442 ex
1427 2376 1520 2442 Italia
1537 2389 1635 2441 onnes,

333 2473 390 2561 qui
411 2495 479 2539 rem
500 2471 661 2559 pubiicum
682 2473 803 2537 sairam
826 2473 962 2548 velient,
987 2485 1262 2550 convocarentur3
1285 2495 1347 2557 pro
1370 2472 1478 2541 Sestio
1504 2466 1635 2552 capii-2

333 2578 411 2651 post
425 2567 521 2633 redit.
538 2569 570 2633 is
588 2580 699 2634 senatu
715 2588 788 2652 cap.
807 2570 839 2633 9.
857 2581 888 2632 et
905 2589 969 2651 pro
986 2571 1083 2633 domo
1103 2588 1175 2651 cap.
1191 2569 1244 2633 77.
1274 2567 1356 2632 Cum
1374 2565 1477 2652 igitur
1495 2553 1636 2631 Ciceronis

334 2659 447 2743 capitis
469 2664 619 2727 servandi
640 2684 736 2727 causa
754 2664 890 2726 Romam
913 2682 978 2725 uuo
997 2671 1143 2744 tempore
1162 2662 1252 2747 quasi
1270 2661 1364 2746 siguo
1386 2662 1462 2725 dato
1483 2655 1570 2723 Italia
1584 2658 1636 2714 tuit

334 2752 555 2835 convenisset,
586 2756 744 2820 Lentulus
773 2753 887 2817 consui
915 2765 1058 2817 senatum
1085 2753 1374 2840 frequentissimum
1406 2752 1440 2816 in
1468 2745 1636 2835 Capitolium

336 2849 549 2925 convocavit3
582 2848 613 2912 in
639 2848 791 2914 Pisonem
817 2868 889 2930 cap.
909 2848 961 2911 16.
989 2859 1121 2931 etpost
1145 2848 1239 2913 redit.
1269 2848 1301 2913 in
1330 2858 1442 2913 senatu
1466 2868 1497 2911 6.
1517 2846 1564 2909 iii.
1598 2832 1637 2902 iii

335 2953 402 3009 turn
424 2943 456 3009 in
481 2945 603 3026 templo
624 2941 714 3010 loris
733 2943 814 3026 Opt.
833 2942 928 3006 Max.
947 2942 990 3023 0.
1012 2942 1165 3007 Meteilus
1183 2944 1297 3026 Nepos
1321 2963 1407 3019 cos.,
1436 2941 1493 3026 qui
1512 2925 1637 3005 Ciceroni

335 3037 391 3102 rel
407 3036 547 3102 maxime
569 3056 611 3101 ex
633 3035 755 3122 megnis
773 3034 1029 3101 contentionibus
1048 3037 1098 3100 rei
1114 3037 1261 3120 publicae
1277 3036 1384 3099 sumat
1402 3033 1561 3106 iuimicus,
1581 3042 1638 3109 pet·

333 3138 443 3195 rnotus
460 3150 532 3194 curn
551 3131 742 3194 auctoritate
759 3142 904 3206 senatus,
933 3142 997 3193 tum
1023 3133 1063 3196 P.
1080 3130 1209 3196 Servilii
1234 3130 1410 3195 incredibili
1433 3125 1585 3215 gravitate
1603 3113 1637 3178 tii·

336 3223 447 3301 cendi,
477 3225 591 3288 absens
619 3245 692 3288 eum
718 3220 773 3287 M.
799 3222 908 3288 Tullio
933 3222 1027 3287 rediit
1053 3223 1084 3286 in
1112 3224 1265 3311 gratiam
1299 3237 1375 3308 post
1399 3226 1470 3288 red.
1496 3221 1527 3285 in
1549 3220 1637 3314 sentit

337 3321 499 3402 eap.10.,
522 3338 586 3401 pro
600 3316 706 3383 Sestio
729 3334 801 3401 esp.
818 3317 873 3381 33.
895 3326 929 3380 et
949 3316 1003 3379 62.
1027 3318 1120 3381 etde
1142 3318 1317 3402 provinciis
1335 3340 1405 3384 cos.
1429 3322 1502 3401 cap.
1522 3314 1552 3381 il.
1590 3304 1638 3406 11¹}

337 3434 408 3478 conr
433 3410 627 3476 mitissimam
653 3410 831 3476 orationem
857 3409 889 3473 in
913 3420 1026 3491 senatu
1047 3411 1229 3488 habuisset,
1262 3411 1383 3477 Cicero
1412 3413 1451 3474 ad
1480 3428 1548 3474 eum
1574 3398 1637 3465 nist

318 3528 391 3591 .ep.
403 3507 437 3572 i.
458 3506 516 3573 lib.
529 3508 577 3571 V.
599 3508 639 3570 sd
653 3506 789 3583 Famil,
813 3505 925 3588 inqua
944 3506 1079 3570 studium
1098 3515 1130 3569 et
1145 3502 1297 3569 currilium
1320 3504 1387 3571 eius
1405 3504 1562 3588 implorat.
1590 3489 1637 3557 ῙῙ]ο

335 3616 418 3667 vero
439 3599 507 3678 die,
536 3620 608 3664 crum
633 3597 806 3667 CCCCX.
831 3610 996 3664 senatores
1021 3599 1289 3684 magistratusque
1311 3620 1421 3664 omnes
1445 3600 1479 3663 in
1501 3582 1637 3692 captiuis

336 3700 501 3771 adessent,
532 3691 597 3759 Cn.
614 3693 790 3777 Pompeius
810 3695 849 3756 de
867 3692 992 3777 scripto
1012 3692 1168 3758 sententis
1187 3693 1271 3756 dicta
1290 3691 1344 3756 uui
1368 3689 1519 3760 Ciceroni
1542 3692 1638 3769 petunt

328 3799 548 3877 ,mesenatae
563 3787 777 3855 testimonium
796 3788 900 3855 dedit:
923 3787 1012 3851 cuim
1029 3789 1214 3855 sententiaro
1231 3787 1505 3875 frequentissimus
1522 3787 1636 3880 senatttu

335 3885 401 3949 uno
421 3883 465 3948 P.
484 3880 604 3948 Clodio
625 3881 847 3960 dissentiente,
876 3891 1004 3947 secutus
1032 3881 1085 3946 M.
1105 3883 1244 3947 Tullium
1272 3885 1312 3945 ab
1340 3881 1455 3946 exsilio
1478 3862 1650 3944 reructttiii

335 3985 415 4059 post
431 3974 528 4039 redit.
545 3975 577 4039 in
596 3986 707 4040 senatu
726 3996 798 4060 cap.
814 3979 879 4051 tu,
895 3996 959 4058 pro
976 3976 1082 4040 Sestio
1098 3996 1171 4058 cap.
1185 3977 1240 4040 ot.
1260 3987 1292 4040 et
1310 3996 1372 4058 pro
1384 3975 1511 4040 Milone
1523 3988 1587 4051 etp·
1598 3958 1638 4062 tt.

336 4070 390 4135 De
405 4070 470 4134 noe
486 4070 523 4134 S.
540 4068 584 4136 C.
602 4068 635 4134 in
654 4073 733 4135 aede
751 4070 841 4139 loris
853 4069 1000 4135 Mariana
1016 4069 1103 4134 sacto
1123 4069 1242 4135 Cicero
1259 4070 1317 4133 lib.
1337 4069 1366 4133 1.
1387 4090 1460 4153 cap.
1481 4069 1530 4133 tt.
1547 4064 1582 4129 dt
1596 4055 1641 4122 iit·

338 4164 439 4229 rinat.
461 4176 493 4229 et
513 4164 666 4229 Valerius
690 4162 748 4229 lib.
767 4166 796 4229 Ι.
822 4186 894 4247 cap.
914 4168 946 4229 7.
990 4164 1143 4228 Faciebat
1166 4166 1277 4228 eodem
1298 4162 1348 4227 die
1370 4164 1465 4228 iudos
1485 4162 1516 4226 iu
1536 4158 1639 4220 theatro

339 4259 471 4323 constris
502 4276 568 4344 quo
589 4277 660 4320 mim
683 4256 751 4341 ipse
770 4270 801 4321 et
819 4268 985 4322 senatores
1004 4268 1178 4340 spectatum
1199 4268 1345 4323 eseuatu
1362 4257 1537 4331 venisseut,
1560 4249 1591 4311 S·
1607 4237 1639 4304 c·

338 4348 418 4415 iilud
436 4352 476 4415 de
494 4348 664 4415 Ciceronis
682 4349 787 4416 reditu
805 4350 942 4427 hoium,
966 4350 1225 4437 frequentissimo
1235 4355 1385 4429 thentro,
1407 4340 1578 4416 incredibili
1591 4334 1640 4400 ⁰¹³·

341 4462 433 4508 ruore
449 4453 481 4507 et
497 4443 612 4527 plausu
628 4443 872 4526 comprobatum
890 4456 954 4519 retr
976 4464 1039 4528 pro
1051 4443 1158 4510 Sestio
1173 4462 1246 4530 cap.
1259 4448 1313 4512 ts.
1333 4457 1365 4510 et
1381 4425 1639 4521 1766666673·

341 4536 382 4598 ne
409 4534 557 4601 nivini.
600 4535 764 4602 roenna
792 4539 832 4602 se
861 4536 1028 4605 cicerem
1057 4539 1158 4605 eune
1188 4542 1231 4607 r.
1256 4538 1387 4605 neum
1409 4534 1563 4608 menn.
1589 4521 1639 4587 ⁶¹¹·

341 4628 494 4712 Pompeii
511 4643 757 4716 ceterorumque
773 4631 964 4715 principum,
985 4632 1018 4697 in
1034 4633 1085 4698 bis
1102 4632 1507 4709 essentessent,
1523 4623 1640 4697 celeber·

341 4718 440 4784 morae
465 4732 498 4786 et
518 4723 725 4809 grarnsirnae
743 4724 917 4791 concinnes
932 4720 1082 4803 lucrante
1106 4740 1182 4810 pust
1199 4729 1294 4794 redit.
1316 4732 1355 4794 ad
1371 4728 1514 4812 Quirites
1534 4734 1598 4801 cap·
1614 4705 1639 4767 ⁶·

341 4834 412 4899 seq.
441 4825 473 4917 et
496 4815 531 4879 in
549 4828 661 4883 senatu
687 4840 759 4903 cap.
780 4819 852 4897 11„
880 4839 943 4901 pro
962 4819 1068 4885 Sestio
1092 4841 1165 4904 esp.
1184 4822 1259 4899 ⁵⁰„
1288 4822 1321 4888 in
1338 4824 1491 4890 Pisonem
1514 4831 1580 4897 cap·
1597 4799 1638 4867 ii·

340 4906 532 4994 ‘Eodemque
556 4909 608 4975 die
631 4912 791 4978 decretum
814 4910 960 4979 incuria
983 4912 1043 4980 tutt
1068 4914 1183 5000 popuii
1204 4914 1310 5001 ipsius
1326 4918 1462 4986 Romani
1483 4925 1517 4982 et
1532 4914 1637 4975 eorum
