3322 5578
586 365 831 437 HISTORIA.
857 354 860 357 ¹
1363 362 1404 427 39

76 515 138 573 iarn
166 507 347 589 stipendiis
377 507 546 590 confectis
576 517 689 585 erant,
720 509 866 587 dimisit,
896 517 1030 591 purtem
1051 508 1228 574 Glabrioni
1246 504 1405 571 tradidit:

71 602 224 663 helenus
253 599 388 665 Cicero.
441 597 607 665 Confectis
629 599 792 682 stipendiis
815 611 906 663 erant
927 599 1041 663 milites
1064 600 1245 676 Valeriani,
1282 594 1419 664 (binii-¹

68 720 132 781 usos
158 698 193 759 oi
218 694 278 775 τῆς
301 697 477 780 στρατείας
497 692 699 779 ἀφεθέντες,
721 706 764 757 nt
785 696 850 759 Dio
872 695 1016 780 loquitur
1041 696 1141 777 (Lib.
1164 696 1322 772 XXXV,
1352 696 1403 757 Ii.

68 789 144 851 Vol.
180 789 214 853 I.
242 811 321 873 pag.
348 792 423 853 200.
445 792 558 869 Stura,
584 792 640 876 qui
668 790 765 854 edidit
791 786 1030 878 Orinl.a'pesos.):
1054 791 1110 875 qui
1138 790 1241 866 addit,
1279 792 1403 853 turbam

67 882 156 945 etism
190 895 261 946 turn
291 884 426 962 iactam,
463 908 532 948 eum
562 888 675 950 milites
708 886 846 949 Acilium
877 886 1058 961 consulem,
1094 885 1166 970 qui,
1203 898 1238 948 ut
1263 886 1406 949 Lucullo

68 981 277 1055 succederet,
311 979 424 1044 missus
454 992 540 1057 erat,
572 984 744 1044 adventare
777 980 933 1044 audirent.
983 983 1093 1066 Atque
1122 980 1245 1046 Acilius
1269 982 1404 1046 Glabrio

65 1082 128 1145 est,
152 1093 255 1156 quem
279 1072 399 1137 Cicero
424 1074 456 1136 in
478 1076 654 1139 Maniliana
672 1075 812 1139 Lucullo
835 1072 1026 1137 successisse
1050 1074 1105 1138 ait.
1151 1076 1225 1138 Huc
1245 1076 1407 1158 pertinent

65 1169 160 1230 rerba
183 1168 241 1230 illa
261 1167 410 1246 Salustii,
436 1190 516 1254 qnae
535 1191 576 1232 ex
594 1170 654 1233 lib.
671 1172 719 1234 V.
737 1170 851 1234 histor.
874 1171 958 1251 apud
975 1169 1172 1234 Priscianum
1194 1170 1252 1234 lib.
1265 1172 1405 1234 XVIII.

67 1263 243 1346 leguntur:
280 1265 445 1345 Legiones
467 1265 689 1339 Valerianos,
720 1273 916 1346 comperto,
946 1264 1023 1345 Iege
1049 1264 1191 1328 Gabinia
1211 1265 1406 1347 Bithyniam

69 1365 98 1418 et
117 1356 271 1418 Porsinna
293 1356 433 1417 consuli
460 1353 597 1432 dotum,
629 1375 697 1418 sese
726 1358 844 1417 missos
873 1375 951 1420 esse.
1006 1355 1081 1418 Fuit
1115 1357 1196 1419 enim
1227 1358 1290 1421 hoc
1321 1380 1404 1421 anno

69 1445 209 1510 tribunus
235 1447 283 1528 pl.
314 1448 359 1511 A.
391 1445 565 1508 Gabinius:
591 1445 663 1527 qui,
687 1467 758 1508 curu
786 1446 906 1529 piratae
932 1469 996 1512 non
1022 1451 1124 1513 solum
1150 1453 1266 1529 maria,
1293 1475 1404 1517 verum

75 1540 155 1603 etiam
187 1563 268 1604 oras
306 1538 479 1602 maritimas
519 1539 583 1602 suis
618 1540 793 1603 latrociniis
825 1538 956 1606 insessas
984 1548 1174 1622 redderent,
1211 1560 1245 1610 ut
1277 1563 1407 1632 praeter

80 1634 246 1698 historicos
267 1633 386 1699 Cicero
410 1633 441 1695 in
465 1634 638 1698 Maniliana
665 1655 738 1717 cap.
767 1637 819 1697 it.
845 1635 905 1709 nit3
929 1639 967 1699 de
991 1660 1056 1703 rino
1077 1639 1273 1723 imperatore
1294 1656 1407 1707 contra

76 1732 252 1809 praedones
274 1728 498 1792 constituendo
521 1729 625 1813 Iegem
649 1726 739 1792 iuitio
762 1728 812 1791 sui
833 1730 1010 1793 tribunatus
1031 1735 1262 1817 promulgavit.
1314 1740 1406 1802 Unde

72 1822 147 1885 idem
176 1834 257 1905 post
281 1822 417 1885 reditum
439 1822 470 1885 in
493 1834 605 1893 senatu
628 1844 696 1905 cap.
717 1824 748 1886 5.
773 1828 812 1887 de
840 1825 998 1889 Gabinio:
1024 1829 1094 1907 Qui
1119 1832 1153 1893 in
1179 1835 1407 1917 magistratu,

70 1914 189 2003 iuquit,
224 1919 295 1980 nisi
319 1920 536 2001 rogationem
565 1916 605 1979 de
625 1917 777 1996 piratico
799 1916 890 1981 bello
912 1920 1062 1999 tulisset,
1091 1923 1252 2004 profecto
1274 1933 1306 1987 et
1326 1946 1406 2004 ege·
1488 1961 1496 1975 ·

70 2020 152 2075 stote
174 2021 212 2075 et
236 2008 455 2090 improbitate
479 2017 643 2082 conotus,
665 2011 853 2088 piraticum
872 2014 943 2095 ipse
959 2016 1112 2094 fecisset.
1154 2018 1237 2080 Tuum
1259 2021 1406 2083 Horten-

69 2103 128 2166 sius
150 2101 321 2165 inseuatu
345 2111 457 2164 contra
489 2098 657 2161 Gabinium
686 2101 831 2183 graviter
859 2117 1034 2192 ornateque
1065 2110 1156 2174 dixit.
1203 2113 1245 2194 Q.
1272 2114 1407 2179 Catulus

69 2219 136 2259 com
163 2218 207 2259 ex
234 2196 359 2278 populo
383 2198 480 2259 Rom.
504 2205 691 2279 quaereret,
717 2192 745 2256 si
771 2192 801 2257 in
825 2218 887 2260 suno
913 2199 1074 2282 Pompeio
1101 2206 1206 2269 omnia
1230 2221 1404 2289 ponerent,

70 2291 195 2375 siquid
227 2311 269 2353 eo
294 2289 413 2351 iactum
435 2303 537 2362 esset,
568 2287 598 2349 in
624 2310 688 2371 quo
714 2310 800 2370 spem
833 2304 939 2354 essent
960 2294 1122 2361 babituri:
1153 2302 1237 2382 cepit
1259 2325 1407 2388 magnum

70 2406 142 2448 suae
172 2384 305 2447 virtutis
333 2378 473 2447 fruct'um
502 2403 540 2445 ae
575 2381 755 2465 dignitatis,
791 2405 861 2447 cum
890 2407 999 2452 onmes
1036 2413 1096 2453 una
1130 2416 1235 2477 prope
1262 2419 1344 2461 voce
1377 2401 1410 2461 in

73 2503 107 2543 eo
129 2479 206 2562 ipso
236 2499 270 2541 se
295 2498 382 2560 spem
406 2476 572 2539 habituros
594 2498 663 2539 esse
685 2477 844 2540 dixerunt.
890 2482 981 2545 Haec
1003 2480 1122 2549 Cicero
1149 2490 1306 2575 prolege
1332 2493 1409 2554 Ma·

76 2572 140 2635 uitia
172 2594 250 2653 cap.
273 2573 347 2647 90„
381 2570 436 2633 ubi
460 2592 532 2654 cap.
563 2570 614 2633 tt.
642 2581 726 2633 extr.
760 2568 803 2634 ait
828 2573 939 2654 etiam,
982 2578 1173 2662 Pompeium
1200 2585 1263 2661 hoe
1293 2586 1409 2651 bellum

75 2667 264 2749 piraticum,
289 2668 378 2749 qnod
403 2664 471 2748 ipse
493 2685 565 2726 enm
589 2663 727 2728 Salustio
748 2668 935 2732 uraritimum
959 2674 1119 2751 nominat,
1143 2689 1284 2743 extrema
1306 2682 1410 2747 hieme

73 2783 263 2845 apparasse,
295 2762 422 2825 ineunte
458 2780 533 2822 rere
560 2759 759 2840 suscepisse,
799 2764 898 2827 media
929 2780 1046 2832 aestate
1077 2771 1268 2837 confecisse.
1319 2776 1410 2842 Inter

72 2855 201 2922 Gabinii
234 2858 377 2939 collegas
396 2856 456 2918 init
475 2857 518 2918 L.
541 2852 679 2917 Roscius
703 2855 811 2932 Otho,
837 2881 930 2942 qucm
954 2861 1073 2929 Cicero
1093 2888 1155 2948 pro
1177 2868 1317 2935 Murena
1336 2893 1409 2956 cap.

73 2956 122 3019 tt.
148 2952 196 3016 ait
218 2951 399 3016 restituisse
422 2949 561 3034 equestri
582 2947 685 3012 ordini
712 2971 777 3013 non
804 2954 906 3015 sotum
926 2957 1128 3039 dignitatem,
1153 2967 1210 3026 scd
1233 2964 1325 3027 etiam
1348 2988 1410 3032 vo.

72 3049 241 3131 luptatem.
295 3045 385 3108 Tulit
417 3047 498 3107 enim
526 3046 590 3106 hoc
619 3064 701 3109 anno
734 3045 880 3111 tribunus
912 3050 1000 3130 pleb.
1030 3052 1153 3136 legem,
1188 3070 1222 3120 ut
1249 3058 1409 3144 equitibus

73 3143 171 3208 Rom.
195 3143 229 3204 in
253 3143 380 3205 theatro
403 3136 657 3225 quattuordecim
687 3142 804 3222 gradus
833 3143 975 3222 proximi
1003 3147 1261 3233 assignarentur:
1296 3169 1411 3218 auctos

75 3237 190 3301 Livius
208 3235 266 3299 lib.
283 3235 415 3300 XCIX.
426 3245 458 3296 et
467 3231 533 3297 Dio
546 3232 630 3295 libro
643 3234 815 3311 XXXVI,
830 3236 883 3298 25.
913 3234 966 3301 De
981 3243 1088 3303 eadem
1106 3243 1179 3327 Iege
1198 3247 1359 3310 Asconius
1379 3249 1410 3311 in
1512 3252 1520 3271 ¹

75 3333 303 3398 cornelianam
337 3331 382 3393 ita
415 3328 545 3400 scribit:
576 3327 700 3391 Iloscin
730 3337 795 3405 est,
827 3350 898 3412 qun
926 3331 962 3394 L.
993 3335 1132 3400 Roscius
1159 3340 1246 3402 osto
1276 3340 1410 3407 biennio

76 3437 152 3491 unte
175 3425 416 3501 confirmavit,
445 3430 482 3484 nt
503 3423 537 3483 in
558 3418 691 3481 tlseotro
713 3419 883 3502 equitibus
897 3421 1055 3486 llomnnis
1077 3426 1169 3491 XIV.
1188 3430 1321 3495 ordines
1341 3450 1412 3513 spe-

76 3516 196 3579 etonsli
213 3519 334 3598 gratio
355 3515 526 3577 darentur.
567 3506 718 3572 Meminit
739 3509 875 3573 eiusdem
900 3512 1030 3577 Tacitus
1054 3515 1129 3579 libr.
1152 3520 1236 3582 XV.
1259 3543 1331 3605 cap.
1354 3524 1409 3587 32.

75 3606 235 3670 Horatius
257 3605 288 3668 in
304 3607 424 3687 Epodo
445 3606 477 3666 lt.
501 3614 532 3663 et
554 3601 660 3684 Epist.
684 3601 739 3667 lib.
759 3603 789 3667 I.
814 3625 868 3687 ep.
891 3606 920 3668 I.
947 3628 979 3671 v.
996 3608 1049 3672 62.
1074 3621 1106 3673 et
1128 3612 1289 3678 Iuvenalis
1312 3619 1409 3682 Satis.

77 3701 140 3765 III.
163 3723 199 3763 v.
227 3700 301 3762 159.
325 3712 357 3762 et
379 3701 448 3762 Sat.
467 3697 569 3762 XIV.
594 3716 627 3757 v.
652 3694 726 3759 32¹1.
770 3698 822 3761 'l'n
847 3699 918 3762 vide
939 3702 1140 3780 Xylandrum
1162 3705 1193 3781 iu
1215 3710 1411 3775 Anuotatio.

78 3796 164 3858 uibus
186 3793 221 3855 in
245 3791 412 3856 Plutarchi
436 3791 646 3861 Ciceronem3
682 3789 713 3852 in
741 3812 819 3871 quas
845 3813 880 3856 ea
906 3794 1083 3873 transtulit,
1122 3821 1204 3882 qnae
1227 3815 1300 3865 ante
1320 3803 1411 3868 bien·

79 3889 157 3951 nium
175 3886 335 3967 adipsum
352 3907 414 3968 pro
433 3897 544 3950 nostra
561 3880 693 3945 amicitia
710 3884 890 3950 miseram.¹
926 3889 1050 3953 Eodem
1066 3912 1169 3968 anno,
1193 3916 1262 3957 ctum
1280 3918 1411 3980 magnus
1462 3883 1466 3891 ’

79 3981 213 4044 ambitus
239 3989 338 4051 esset,
366 3977 406 4043 C.
436 3977 607 4042 Cornelius
634 3976 781 4040 tribunus
803 3981 891 4061 pleb.
918 3980 964 4058 is,
987 3984 1041 4068 qui
1065 3987 1192 4051 biennio
1217 4002 1291 4071 post
1315 3991 1411 4054 nraic-

80 4076 163 4138 statis
182 4096 260 4137 reus
280 4096 296 4136 a
324 4072 481 4138 Cicerone
502 4076 650 4139 defensus
669 4083 733 4147 est,
758 4072 863 4158 legem
883 4077 921 4137 de
941 4079 1064 4149 ambitu,
1081 4081 1172 4143 tulit:
1197 4081 1228 4144 in
1253 4106 1313 4168 qna
1334 4105 1409 4169 gra·

79 4168 212 4232 cissimis
232 4165 345 4249 poeuis
365 4167 484 4231 crimen
507 4168 571 4232 hoc
588 4168 707 4231 sanxit.
753 4168 862 4248 stare
881 4180 1007 4234 senatus
1029 4176 1212 4237 consulibus
1235 4178 1407 4254 mandavit,

81 4273 108 4323 ot
118 4261 196 4325 huic
203 4260 253 4323 rei
262 4262 525 4324 moderarentur:
539 4263 670 4345 quitum
686 4262 788 4343 legem
802 4261 955 4340 tulerunt,
973 4279 1106 4330 auctore
1118 4269 1225 4331 Dione
1235 4271 1407 4349 XXXVI,

79 4355 143 4431 Il„
170 4366 362 4431 uteorum,
399 4354 455 4440 qni
477 4356 613 4418 ambitus
636 4354 777 4419 conuicti
800 4369 921 4435 essent,
961 4359 1077 4422 nemini
1105 4373 1158 4422 aut
1190 4363 1409 4446 magistratum

81 4468 190 4535 ‘erue
214 4460 273 4512 aust
290 4450 322 4510 iu
345 4460 457 4512 senatu
478 4469 548 4512 esse
570 4449 700 4525 liceret,
724 4450 828 4514 addita
851 4452 943 4514 ctiam
968 4453 1063 4515 mudta
1087 4453 1282 4534 pecuiniaria.
1317 4460 1410 4522 Haec

1306 4579 1407 4592 ἡ...

115 4643 144 4703 1)
160 4636 226 4693 ilos
246 4652 321 4688 snno
341 4632 440 4688 Cice'ro
466 4631 536 4688 dixit
555 4653 606 4709 pro
633 4636 662 4690 P.
684 4632 793 4707 Oppio,
826 4635 868 4687 Μ.
897 4634 1008 4689 Aurelio
1034 4636 1117 4686 Cotta
1143 4654 1176 4687 ex
1204 4642 1268 4690 Asia
1295 4641 1410 4692 Romam
1479 4700 1482 4707 Ι

85 4729 201 4781 merso,
220 4730 236 4765 s
256 4730 313 4786 quo
333 4710 499 4784 proconsule
518 4711 550 4765 P.
570 4710 678 4785 Oppius
698 4725 843 4781 quaestor,
866 4713 938 4779 quod
959 4708 1173 4782 repetundarum
1193 4713 1412 4789 insidiarumque

87 4794 267 4862 suspicionem
292 4789 348 4840 sibi
368 4800 560 4853 contraxerat,
580 4790 610 4838 in
633 4788 730 4840 urbem
751 4803 793 4839 ess
811 4786 956 4852 relegatus.
997 4787 1084 4838 liuius
1107 4793 1293 4857 patrocinium
1312 4791 1412 4845 Cicero

88 4870 215 4936 suscepit,
235 4866 321 4918 Cotta
338 4880 415 4916 reum
431 4865 592 4915 testimonio
603 4879 653 4915 suo
667 4871 791 4934 urgente.
817 4859 875 4913 Cir.
890 4860 1009 4913 Diouem
1025 4862 1078 4926 36,
1098 4867 1143 4921 25.
1157 4858 1239 4916 Tota.
1261 4864 1282 4917 I.
1296 4884 1322 4936 p.
1346 4865 1412 4923 eut.
1471 4914 1474 4920 ,

90 4939 172 4994 Stura.
