3322 5584
1224 146 1235 199 i

293 359 354 422 939
708 362 757 425 hl.
782 360 947 425 TULLII
971 357 1223 425 CICERONIS

379 518 401 578 ε
429 503 458 561 11
480 541 521 550 -
542 502 623 573 Cunr
645 508 734 571 notis
756 506 782 571 1.
803 506 848 570 A.
874 506 1008 573 Ernesti
1032 493 1233 592 aliorumque
1256 507 1470 590 interpretum
1487 506 1600 574 selectis

295 599 398 667 edidit
420 613 563 687 suasque
586 599 707 666 adiecit
722 599 833 666 Fried.
847 600 993 664 Ellendt.
1025 599 1180 665 Praelrxa
1202 604 1254 665 est
1275 601 1445 666 succincta
1461 600 1601 686 elequen-

296 698 361 762 tlae
383 696 554 761 Romanae
583 714 687 779 usque
716 693 758 758 ad
788 688 952 759 Caesares
982 693 1128 759 historia
1175 693 1400 782 Regiomontii
1428 692 1602 759 Prussorum

295 794 427 874 sumptu
450 791 589 855 fratrum
612 788 823 875 Berntriiger
848 786 960 853 1825.
1004 789 1039 852 8.
1368 864 1372 871 .

380 876 511 951 Editio,
536 878 622 959 quod
645 878 684 939 ad
707 875 996 956 interpretationem
1020 888 1050 938 et
1065 877 1173 964 κρίσιν
1194 876 1343 960 pertinet,
1368 875 1508 960 egregia.
1548 873 1602 938 Co·

295 971 380 1033 dices
403 971 506 1034 editor
528 991 591 1035 uon
617 966 738 1033 hahuit.
783 968 857 1031 Cir.
884 970 1032 1032 Suebodii
1054 970 1150 1034 Bibl..
1170 970 1242 1034 crit.
1267 971 1361 1033 1899.
1393 971 1436 1033 N.
1460 968 1603 1033 591151.

250 1126 258 1141 ,
379 1110 419 1117 -
441 1110 481 1118 -
506 1069 547 1135 de
570 1072 669 1136 elaris
692 1069 897 1146 oratoribus,
920 1065 1060 1153 Orator,
1081 1070 1227 1154 Topica,
1249 1068 1291 1133 de
1312 1069 1441 1153 partitt.
1461 1070 1553 1132 oratt.
1570 1086 1602 1131 en
1649 1144 1650 1167 p

293 1182 358 1228 rec.
380 1163 406 1227 Ι.
428 1162 473 1227 A.
497 1163 642 1235 Ernesti.
685 1162 796 1226 Editio
818 1181 915 1227 nova
959 1163 1082 1250 Halae,
1105 1162 1308 1248 Orphanotr.
1340 1157 1455 1227 1827.
1496 1162 1528 1224 8.
1649 1184 1650 1193 ¹

380 1296 421 1304 -
442 1294 483 1305 -
506 1256 547 1322 de
569 1259 669 1327 claris
693 1257 880 1321 oratoribus
901 1257 1000 1340 liber,
1029 1262 1083 1345 qul
1110 1258 1231 1323 dicitur
1252 1257 1387 1321 Brutus
1430 1250 1603 1321 Scholanm
1649 1284 1650 1343 l

264 1344 327 1415 'ln
351 1370 443 1414 usum
466 1349 575 1423 editus
597 1350 707 1415 studio
731 1355 764 1415 el
787 1369 868 1416 cura
890 1354 928 1417 1..
949 1355 976 1419 l.
993 1351 1216 1419 Billerbeckii.
1258 1348 1402 1417 Accedit
1421 1348 1520 1415 index
1539 1367 1605 1413 uer·
1649 1418 1650 1423 ἵ

191 1434 195 1445 ’
296 1445 410 1509 horum
430 1444 546 1508 histor.
565 1448 599 1509 et
614 1442 800 1533 geograph.
823 1448 1073 1531 explicatorum.
1102 1442 1304 1523 Hammeum,
1325 1444 1426 1509 Huhn
1452 1441 1556 1508 1828.
1579 1443 1604 1511 a.
1649 1476 1650 1529 3

379 1579 421 1588 -
442 1578 483 1586 --
504 1537 591 1602 Eum
606 1538 804 1607 Gcbrauche
825 1543 858 1603 in
873 1537 1022 1608 Schulen
1044 1560 1110 1606 neu
1133 1537 1387 1627 durehgesehen
1405 1537 1473 1605 uod
1489 1539 1542 1601 mit
1555 1535 1604 1599 deu
1649 1538 1650 1587 l

296 1632 593 1722 uothwendigslen
618 1635 667 1697 W
669 1636 742 1697 ort·
765 1633 832 1698 und
856 1630 1175 1724 Sa'cherklilrungen
1203 1634 1431 1722 ausgestettet
1454 1650 1522 1695 ven
1542 1628 1605 1694 hl.

297 1725 498 1793 Billerbeek.
541 1725 1002 1813 Hannever7Hahn1828.
1046 1728 1081 1792 8.
1649 1724 1650 1807 Ῐ

381 1862 420 1870 -
444 1858 485 1867 -
512 1826 546 1886 et
574 1819 615 1885 de
646 1823 768 1904 optimo
799 1838 925 1908 genere
959 1823 1136 1885 oratorum.
1194 1820 1348 1905 Parisiis,
1383 1816 1605 1902 Matre-Nym
1649 1810 1650 1891 ξ

381 2050 423 2060 -
446 2009 607 2098 -luta,
630 2010 720 2098 Aug.
746 2008 897 2074 Eelalaiu
925 2002 1036 2074 1829.
1082 2004 1141 2074 12.

560 2212 710 2266 ORATOR
738 2212 765 2264 S.
786 2210 835 2263 DE
855 2209 1006 2265 OPTIMO
1026 2207 1175 2265 Genaua
1195 2207 1358 2263 DlCENDI.

379 2388 402 2450 ε
422 2370 451 2422 *
472 2414 512 2424 -
535 2374 576 2438 In
588 2373 651 2441 hoc
672 2375 834 2440 uolumine
853 2376 941 2441 iufra
954 2376 1090 2459 scripta.
1122 2374 1171 2438 111
1189 2372 1286 2437 'l'ullii
1303 2384 1314 2441 1
1330 2366 1504 2439 Ciceronis
1524 2388 1605 2455 opera

295 2473 509 2537 continentur
529 2480 541 2535 lt
561 2488 627 2534 una
654 2476 698 2533 cir
727 2472 917 2534 cimeteriis
944 2472 1013 2532 suis
1033 2479 1045 2535 ii
1069 2466 1233 2533 uidelicet.
1285 2465 1411 2533 Orator
1435 2478 1447 2536 1
1472 2463 1512 2530 de
1540 2464 1603 2529 lete.

296 2564 422 2649 Topica
442 2575 454 2627 ll
477 2567 510 2628 et
533 2563 575 2628 de
596 2564 843 2631 uniuerlsitate.
885 2564 1051 2649 venetiis,
1073 2581 1134 2646 per
1156 2561 1319 2626 Bonetum
1338 2559 1542 2626 lroeatellum
1560 2552 1604 2621 17.

295 2656 361 2721 kal.
383 2659 520 2746 augusti
547 2651 660 2721 1492.
703 2656 775 2721 Fol.
815 2654 933 2740 fi72.
977 2656 1019 2721 11.

366 2743 610 2823 ,0111111111ἰί
634 2757 705 2807 suut
727 2745 861 2829 Georgii
876 2746 1007 2818 Vallae;
1032 2766 1101 2807 nam
1123 2743 1177 2828 quii
1199 2742 1229 2806 in
1250 2746 1423 2808 Oratorem
1446 2743 1543 2827 volgo
1562 2738 1604 2801 tri·

295 2836 403 2900 buitur
425 2837 556 2903 Victori
579 2839 719 2913 Pisano,
750 2838 776 2900 is
797 2861 926 2924 quoque
949 2839 1083 2922 proprie
1104 2837 1170 2900 eiius
1195 2837 1336 2921 magistri
1359 2838 1477 2902 Vallae
1498 2848 1557 2911 est,
1580 2842 1605 2893 ut

295 2931 364 3014 ipse
393 2931 511 2995 fatetur
529 2933 665 2996 Pisanus
688 2927 717 2995 in
743 2933 853 2995 Praei.
899 2932 1046 2996 Nobilem
1071 2931 1256 3013 discipulum
1280 2922 1342 2994 hoe
1369 2930 1550 2994 surinuscule
1567 2926 1604 2989 dle

296 3024 358 3087 sibi
388 3025 557 3115 conciliare
589 3026 727 3089 voluisse
759 3026 894 3117 vidntur.
939 3029 1108 3089 Praestans
1139 3025 1169 3087 in
1196 3008 1305 3107 piriruis
1334 3035 1382 3087 est
1406 3024 1502 3088 lectio
1524 3018 1604 3103 Tepi-

298 3139 422 3182 corum.

379 3253 421 3261 -
442 3257 482 3267 ·-
506 3224 620 3284 eraler
642 3218 685 3282 ad
708 3218 855 3283 Erulum.
898 3216 1475 3318 Lipsiae.hleleh.helter1515.
1514 3212 1576 3279 Ful.

383 3305 500 3369 Editor
521 3306 580 3368 fuit
603 3307 803 3368 Herrnaunus
826 3304 1005 3369 Tulicluus.

379 3403 627 3491 Papyrotheea.
671 3404 838 3493 Prologus
867 3407 1061 3488 epistolicus
1084 3404 1263 3471 Philomusi
1290 3402 1334 3468 ad
1354 3401 1558 3468 Leenardum
1573 3396 1605 3461 de

295 3498 379 3564 Eek.
429 3496 553 3566 Orator
580 3495 751 3565 Ciceronis
776 3498 819 3562 ad
846 3496 994 3564 Brutum.
1045 3496 1161 3564 Oratio
1189 3497 1369 3563 Philomusi
1402 3496 1445 3561 de
1471 3494 1605 3580 passione

296 3592 461 3657 dominica
489 3610 530 3657 ac
563 3584 672 3680 elegia
706 3592 861 3657 eiusdem.
911 3591 1091 3660 Orationes
1121 3597 1190 3657 tres
1222 3591 1367 3656 Thomue
1393 3578 1604 3654 Resenbuseh

295 3687 475 3776 Augustae
488 3685 634 3771 Vindel.,
657 3706 729 3751 exc.
751 3688 785 3749 in
807 3687 859 3751 oli.
879 3686 1061 3751 Millerana
1084 3680 1200 3751 1517.
1222 3680 1256 3749 6.
1277 3684 1364 3749 Non.
1381 3682 1487 3748 Mart
1527 3676 1559 3741 4.

379 3775 552 3845 Ciceronis
574 3777 616 3843 ad
638 3778 688 3843 M.
706 3779 846 3845 Brutum
869 3786 983 3844 orator
1003 3798 1153 3845 seorsum
1173 3782 1355 3862 impressus
1376 3781 1478 3861 utque
1499 3793 1538 3839 ex
1553 3768 1605 3835 Al·
1649 3806 1650 3815 .

296 3872 373 3938 dino
407 3873 588 3958 exemplari
621 3875 760 3958 aliisque
793 3876 885 3940 libris
917 3872 1173 3939 correctioribus
1209 3870 1390 3960 diligenter
1426 3864 1605 3934 emendatus

296 3966 448 4033 Viennae
470 3966 650 4047 austrae,
672 3986 732 4052 per
755 3970 801 4031 lo.
824 3964 1038 4055 Singrenium
1059 3988 1098 4030 m.
1121 3960 1277 4030 ianuario
1303 3960 1417 4030 1525.
1461 3961 1495 4026 4.

380 4101 423 4110 -
443 4102 486 4110 -
510 4080 553 4125 ex
575 4060 700 4126 Aldine
724 4063 903 4145 exemplari
925 4080 1073 4126 recusus.
1115 4056 1317 4142 Craceviae,
1338 4054 1462 4123 Matth.
1482 4046 1604 4119 Scheri-

297 4156 440 4245 ienberg
466 4153 579 4220 1528.
623 4155 657 4219 4.

380 4289 422 4297 -
445 4244 661 4335 -Parisiis,
683 4270 725 4315 ex
749 4246 801 4314 oli.
823 4249 909 4315 1115.
930 4245 1094 4333 Stephani
1121 4244 1234 4313 1530.
1278 4246 1313 4310 4.

382 4378 424 4385 -
444 4377 486 4389 -
507 4361 581 4408 eum
604 4343 882 4426 explicationibus
903 4343 987 4409 Phil.
1009 4340 1290 4409 Melanehthenis
1332 4338 1486 4425 Parisiis,
1506 4354 1544 4399 ex
1563 4324 1603 4392 ell-

297 4436 383 4501 Rob.
404 4430 570 4520 Stephani
595 4433 709 4499 1534.
731 4435 766 4500 4.
787 4437 872 4502 Non.
895 4439 956 4501 Iul.
1002 4439 1036 4502 8.
1299 4432 1303 4439 ’

382 4568 424 4581 «-
445 4568 486 4577 -—
508 4529 609 4608 15111..
630 4529 750 4596 Franc.
772 4529 943 4616 Gryphlus
969 4525 1083 4597 1536.
1126 4532 1160 4594 8.

382 4657 424 4666 -
444 4619 1308 4690 -111111111111111.11111118111511111111111.
1350 4621 1499 4702 Parisiis,
1518 4607 1602 4681 Mlti·
1649 4646 1650 4729 p

300 4717 515 4784 vascosanus
540 4711 654 4781 1536.
700 4718 735 4782 4.
1649 4732 1650 4795 ]

304 4844 424 4970 mpe-
444 4848 489 4966 ]
507 4827 579 4875 eum
600 4810 748 4876 Victoris
769 4809 882 4878 Pisani
911 4814 1153 4880 commentario.
1195 4810 1368 4901 Lugduni,
1400 4804 1476 4876 Sea.
1496 4793 1600 4887 Grpph.
1649 4862 1650 4869 p
