3322 5578
277 355 318 418 26
677 354 730 419 Μ.
760 354 924 421 TULLII
951 353 1205 423 CICERONIS

277 496 454 582 litterisque
474 496 666 572 amicorum,
696 517 776 581 quae
796 497 900 562 Roma
925 498 1113 582 frequentes
1137 498 1294 581 adipsum
1314 497 1541 573 afferebantur,
1566 508 1594 562 et

277 591 502 658 cohortatione
527 589 700 665 Antiochi,
726 602 845 653 utrem
871 592 1030 675 publicam
1050 605 1246 674 capesseret,
1270 590 1393 655 dicendi
1411 590 1490 667 vim,
1519 592 1595 654 velut

275 688 533 761 instrumentum,
562 706 673 751 rursus
699 685 840 759 excoluit
862 685 1050 771 ciuilemque
1076 689 1257 752 facultatem
1278 683 1443 751 excitarit.
1467 684 1468 687 ’
1493 686 1595 769 Itaque

275 783 432 866 primum,
470 792 504 844 ut
528 779 595 861 ipsc
619 778 650 842 in
675 780 779 843 Bruto
805 801 879 861 cap.
902 782 955 845 91.
977 781 1106 857 scribit,
1143 780 1278 844 Athenis
1302 783 1386 863 apud
1410 779 1594 843 Demetrium

277 879 413 958 Syrum,
444 886 585 938 veterem
613 885 644 936 et
673 892 737 935 nou
765 873 938 957 ignobilem
964 875 1088 939 beandi
1110 874 1314 959 magistrum,
1346 872 1487 943 studiose
1511 894 1596 936 exer·

275 973 421 1033 cebatur.
459 968 541 1032 Post
558 978 657 1030 totam
674 967 783 1031 Asiam
802 968 988 1050 peragravit
1007 991 1078 1031 cum
1097 968 1225 1032 summis
1246 967 1450 1044 oratoribus,
1474 968 1595 1051 quibus-

275 1086 347 1127 curu
370 1065 582 1127 exercebatur
597 1059 675 1142 ipsis
692 1061 891 1125 lubentibusa
915 1084 1051 1144 quorum
1075 1076 1143 1127 erat
1160 1064 1310 1147 princeps
1326 1062 1501 1145 Menippus
1516 1064 1597 1125 Stra·

180 1204 183 1211 ι
274 1156 466 1229 tonicensis,
497 1176 591 1240 quern
619 1155 811 1218 Plutarchus
836 1154 1024 1237 Menippum
1053 1154 1168 1220 Carem
1192 1157 1344 1223 nominat.
1384 1155 1503 1221 Cicero
1531 1177 1595 1219 errnr

275 1265 343 1316 tota
364 1249 442 1314 Asia
461 1248 522 1312 illis
539 1246 737 1329 temporibus
757 1247 995 1312 disertissimum
1011 1250 1109 1314 luisse
1125 1250 1252 1314 iudicat.
1297 1253 1390 1316 Unde
1410 1253 1526 1315 Strabo
1544 1250 1594 1312 lib.

276 1348 377 1413 xlv.
388 1368 422 1428 p.
431 1345 505 1407 660.
516 1339 768 1409 attrectant*
749 1339 832 1429 arim
844 1369 867 1406 α
855 1337 1017 1428 ’ξιόλιιγος
1031 1339 1202 1428 γεγένηται
1214 1337 1322 1433 ῥήτωρ
1337 1339 1597 1421 Μὲιιιπιιοςιιιτὰ

276 1439 352 1518 τοὺς
371 1434 518 1524 πατέρας
537 1432 643 1522 quor,
670 1432 831 1513 Κιιιόιιιις
824 1433 1120 1547 ἐπικαλούμενος,
1151 1433 1189 1505 iiu
1211 1434 1413 1504 κάλλιστα
1397 1462 1519 1504 mareu
1542 1438 1597 1504 raia

275 1532 362 1603 uarie
388 1530 447 1615 τιΙιι
467 1529 627 1599 Ἀσίαν
613 1526 773 1617 pandone,
801 1521 845 1595 ὧι
872 1527 1077 1620 ιΙκροάσιιτο,
1106 1527 1315 1650 Κικέρων,
1301 1524 1344 1609 ὥς
1366 1557 1417 1639 qq
1396 1554 1468 1613 ιΙσιι
1489 1530 1522 1598 ἕν
1542 1555 1598 1597 arur

276 1656 391 1724 γραφη
412 1624 533 1705 αὐτοῦ,
562 1648 615 1691 ou
606 1649 742 1712 arpinum
766 1624 917 1691 Ξιιιοκιιῐ
932 1631 987 1691 και
1012 1632 1081 1703 τοῖς
1099 1625 1171 1692 κατ’
1190 1629 1310 1691 ι’κιιιιιιι
1329 1620 1522 1710 exaltaver.
1563 1625 1598 1690 ld

275 1736 340 1799 est,
369 1722 446 1787 Fuit
470 1719 518 1784 ibi
538 1729 681 1802 Ικιιιιιιιι
707 1729 909 1781 nostrorum
935 1719 1103 1785 memoria
1126 1719 1249 1784 nobilis
1278 1720 1448 1804 magister
1474 1718 1599 1784 timendi

275 1818 465 1902 Menippus
483 1817 887 1898 cognomentoCatocas:
908 1836 1009 1900 quem
1022 1814 1143 1880 Cicero
1158 1836 1205 1877 ex
1215 1814 1380 1895 laiatieis
1398 1814 1597 1887 oratoribus,
1633 1848 1636 1855 <

275 1934 363 2001 quoa
386 1908 538 1982 aredioit,
572 1907 726 1969 maxime
748 1907 884 1981 laudat,
914 1920 952 1970 ut
977 1920 1029 1972 est
1051 1910 1088 1971 in
1110 1888 1297 1993 quodam
1283 1908 1394 1993 apcius
1416 1909 1521 1984 libro,
1549 1908 1600 1970 ulai

274 2029 354 2072 enm
371 2027 449 2068 eum
467 2004 616 2069 Xenoale
635 2012 737 2085 atque
759 2001 855 2064 illius
876 2002 1003 2065 aetatis
1021 2003 1219 2068 oratoribus
1235 2014 1429 2085 comparat.
1465 2004 1524 2068 ·De
1539 2003 1600 2065 Xe·

275 2101 370 2169 nocie
397 2101 650 2177 Adramytteno,
680 2093 731 2158 cui
758 2093 876 2159 Cicero
902 2095 977 2159 item
1004 2117 1135 2178 operam
1164 2098 1268 2171 dedit,
1299 2096 1382 2160 idem
1405 2098 1525 2160 Strabo
1548 2095 1598 2159 bb.

275 2195 377 2259 Xlll.
425 2192 505 2273 Erat
528 2211 598 2254 curu
619 2189 779 2255 Cicerone
805 2200 870 2252 tom
898 2188 991 2252 etiarn
1015 2186 1196 2269 Aeschylus
1220 2189 1367 2264 Cnidius,
1396 2188 1598 2254 assiduissime

275 2302 378 2352 autem
404 2283 582 2366 Dionysius
607 2283 760 2366 Magnes.
807 2283 930 2363 Quibus
953 2305 1015 2347 non
1034 2295 1201 2349 contentus
1224 2286 1376 2349 Rhodum
1404 2285 1490 2348 venit
1512 2304 1599 2366 seque

276 2386 315 2446 ad
336 2382 484 2454 eundem,
510 2400 604 2485 quem
624 2379 747 2442 Romae
767 2376 951 2453 audiverat,
977 2379 1144 2441 Molonem
1164 2378 1351 2461 applicarit,
1376 2390 1597 2442 correctorem

274 2478 307 2541 in
327 2474 411 2539 veris
436 2473 540 2541 causis
569 2470 823 2555 scriptoremque
848 2484 1080 2554 praestantem,
1108 2483 1175 2536 tum
1197 2471 1227 2534 iu
1248 2473 1394 2535 notandis
1411 2472 1599 2536 animadver-

275 2571 441 2654 tendisque
458 2567 541 2631 vitiis
560 2578 592 2629 et
607 2566 800 2629 instituendo
819 2566 1030 2650 docendoque
1044 2565 1336 2649 prudentissimum.
1372 2567 1405 2630 Is
1425 2566 1512 2630 dedit
1529 2585 1599 2647 ope·

273 2686 361 2741 ram,
391 2674 425 2727 ut
445 2661 535 2725 nimis
559 2662 788 2723 redundantem
814 2669 977 2723 oratorem
996 2672 1140 2724 nostrum
1164 2672 1198 2723 et
1213 2660 1462 2742 superfluentem
1480 2656 1601 2725 iuvenili

276 2761 409 2842 quadam
436 2753 557 2818 dicendi
574 2752 767 2835 impunitate
794 2765 825 2817 et
849 2752 974 2816 licentia
999 2753 1192 2836 reprimeret
1219 2764 1251 2817 et
1279 2755 1370 2838 quasi
1399 2768 1492 2819 extra
1521 2753 1599 2836 ripas

276 2852 468 2916 diffluentem
496 2851 681 2922 raderer-en
718 2858 832 2911 auctor·
856 2847 925 2930 ipse
954 2846 988 2912 in
1010 2849 1114 2912 Bruto
1150 2870 1222 2932 cap.
1250 2850 1303 2913 tt.
1354 2849 1406 2914 De
1430 2847 1601 2933 Apollonio

275 2946 432 3018 Molone,
455 2941 557 3026 inquit
569 2941 780 3015 Plutarchus,
805 2941 953 3005 traditum
969 2954 1017 3006 est
1031 2942 1220 3017 memoriae,
1240 2963 1311 3006 eum
1327 2942 1467 3009 Latinae
1483 2943 1600 3029 linguae

275 3041 385 3103 rudem
404 3057 538 3120 rogasse
556 3034 768 3109 Ciceronem,
793 3048 828 3098 ιιι
847 3037 973 3100 Graece
995 3038 1199 3103 declamaret.
1240 3039 1278 3102 ln
1299 3059 1364 3120 quo
1384 3059 1457 3102 cum
1475 3038 1548 3103 ideo
1561 3033 1603 3100 itti

276 3134 546 3216 obtemperasset,
575 3132 663 3212 quod
686 3141 814 3211 putaret
838 3127 933 3195 scita
958 3130 1067 3194 melius
1087 3130 1208 3215 corrigi
1226 3152 1340 3215 posse,
1375 3133 1479 3196 ceteri
1501 3150 1601 3195 omnes

275 3225 485 3291 admiratione
508 3222 726 3307 obstupefacti
754 3224 896 3291 certatim
921 3226 961 3286 de
985 3221 1144 3290 Cicerone
1166 3224 1311 3310 aliusque
1336 3225 1399 3289 alio
1432 3222 1601 3311 gloriosius

275 3324 491 3408 praedicabat.
537 3316 733 3401 Apollonius
763 3338 864 3403 noque
892 3327 1004 3380 orante
1025 3317 1184 3383 Cicerone
1210 3319 1359 3382 laetitiam
1380 3340 1460 3401 prae
1484 3341 1519 3382 se
1538 3315 1601 3379 tulit

276 3429 326 3493 et,
346 3437 417 3479 cum
429 3424 631 3501 perorasset,
656 3411 807 3476 defixus
798 3413 1038 3521 recogitatione
1055 3415 1107 3477 diu
1124 3415 1226 3476 sedit:
1248 3411 1601 3497 quodubiCiceroraern

277 3510 482 3595 aegrescere
504 3506 618 3581 sensit,
642 3505 767 3568 baec
739 3527 806 3569 erus
824 3529 891 3570 vox
907 3508 1030 3590 erupit.
1059 3511 1109 3572 Te
1126 3507 1298 3616 equidem,
1323 3510 1376 3575 M.
1399 3508 1514 3583 Tulli,
1539 3504 1602 3567 col

260 3605 382 3669 laurio
399 3610 433 3665 'et
447 3598 623 3671 ariminen·
645 3600 705 3662 sed
721 3622 774 3662 me
786 3602 1000 3664 Graecorum
1017 3598 1186 3684 fortunae
1204 3592 1359 3677 miserm
1378 3623 1458 3664 cum
1475 3599 1602 3664 videam

276 3699 388 3763 doctr
376 3718 453 3763 tuae
476 3708 510 3759 et
530 3695 742 3780 eloquentiae
765 3696 920 3768 taudem,
945 3715 1033 3779 quae
1053 3697 1130 3759 sola
1150 3695 1248 3759 nohis
1269 3695 1405 3780 reliqua
1420 3705 1516 3769 erat,
1545 3711 1602 3775 per

276 3805 309 3857 te
320 3792 548 3857 odRomanos
566 3790 773 3851 translatam
791 3807 877 3851 esse.
902 3786 1010 3852 Rhodi
1023 3786 1141 3852 Cicero
1154 3789 1362 3854 Posidonium
1377 3790 1601 3873 philosophum
1631 3812 1640 3827 ·

277 3883 370 3949 etiaim
391 3881 530 3957 audivit,
560 3896 594 3945 ut
618 3882 811 3947 Plutarchus
830 3883 953 3949 scribit.
998 3882 1195 3947 Posidonius
1219 3883 1390 3946 enimcum
1416 3897 1500 3947 essct
1521 3883 1603 3963 Apa·

276 3977 404 4044 ruiensis
416 3999 434 4040 e
447 3976 550 4058 Syria,
566 3977 676 4041 Rhodi
685 3974 776 4048 vixit,
785 3987 866 4039 teste
877 3977 1036 4039 Strabone
1048 3976 1105 4040 lib.
1119 3976 1222 4042 xlv.
1231 4000 1265 4060 p.
1276 3979 1351 4043 655.
1367 3979 1465 4041 Hunc
1476 3974 1604 4042 familia·

275 4094 344 4141 rem
367 4094 459 4151 suum
483 4081 577 4134 uocat
598 4069 670 4135 Cic.
694 4068 750 4132 lib.
770 4070 799 4133 I.
821 4090 892 4150 cap.
912 4068 944 4130 l.
977 4071 1014 4130 de
1034 4069 1140 4134 Finib.
1185 4073 1331 4135 Eundem
1353 4070 1408 4135 lib.
1425 4073 1457 4136 l.
1483 4074 1520 4135 de
1544 4070 1606 4133 ua-

275 4179 348 4230 tura
366 4169 397 4230 d.
415 4174 485 4246 capi
497 4164 529 4228 3.
549 4164 633 4227 inter
653 4185 709 4228 cos
728 4174 889 4237 numerat,
914 4162 1063 4247 aquibus
1082 4162 1112 4225 in
1132 4163 1335 4248 philosophia
1355 4165 1516 4230 institutus
1535 4161 1604 4227 fuit.

276 4262 452 4329 Praeterea
471 4259 503 4323 in
520 4258 607 4322 libro
627 4260 665 4320 de
683 4257 765 4320 Fato
784 4277 856 4337 cap.
874 4255 907 4319 3.
931 4255 972 4319 ιιι
996 4256 1125 4319 scribit:
1149 4260 1329 4342 Quaedam
1345 4261 1452 4325 etiarn
1468 4256 1607 4327 Posido·

277 4355 356 4418 nius
378 4355 478 4438 (paee
495 4351 658 4437 magistri
676 4349 844 4430 dixerim)
866 4348 1077 4413 comminisci
1097 4350 1262 4416 υἰιιιιιιιι·.ι

280 4450 1608 4481 ...at-*m

197 4548 207 4569 .
315 4504 627 4583 slllocanaothero
647 4518 701 4559 una
721 4502 838 4558 ean.
854 4504 1007 4575 Pomponio
1024 4500 1161 4576 (arrico),
1182 4508 1290 4559 ltinerlr
1306 4512 1421 4573 comite
1440 4511 1498 4578 (cul
1514 4518 1605 4581 postet

277 4602 303 4640 a
317 4604 345 4639 u
360 4601 387 4638 0
402 4588 467 4645 699,
488 4585 632 4657 capte:
649 4587 712 4638 700.
733 4581 809 4631 Varr.
829 4581 971 4649 inscripsit
990 4576 1077 4630 libros
1098 4596 1144 4632 ser
1166 4581 1200 4635 de
1220 4600 1248 4634 re
1270 4581 1396 4654 publiea)
1416 4587 1550 4656 Smyrnae
1569 4585 1606 4634 ιι-

277 4661 372 4715 aare.
392 4662 526 4716 ιιιιιιιίιιιιι
551 4656 652 4711 Rufum
680 4653 735 4731 (de
760 4656 796 4706 lle
817 4650 892 4727 publ·
912 4661 945 4720 1,
966 4659 999 4719 8,
1020 4658 1064 4712 13
1089 4654 1307 4725 Βιιιι.22,85.
1335 4604 1604 4714 arenosorum

277 4735 328 4792 Ed.
350 4735 415 4795 trtu
435 4735 469 4792 de
488 4737 527 4791 tte
549 4732 624 4809 publ.
647 4749 674 4806 p
667 4731 822 4794 ...xum

750 4860 1159 4880 m
