3348 5584
567 396 804 465 HISTORIA.
1277 402 1337 471 idi

63 545 125 610 rin
142 542 170 605 is
190 537 410 616 Formirnusn,
442 551 476 605 ut
498 542 538 603 ab
558 538 671 605 Caieta
693 540 796 604 naum
818 559 1048 606 coascensrmrs
1068 543 1341 625 proficisceretur.

64 640 128 706 Unde
142 634 302 720 aliquoties
312 635 346 698 in
364 635 462 699 altum
479 646 666 719 provectum
680 654 754 697 cusa
772 637 870 700 mode
886 635 973 699 renti
990 636 1117 701 adversi
1135 641 1340 719 rettulissent,

62 735 129 798 ιιιῦυ
156 731 221 815 ipse
245 731 447 796 iactationem
474 730 563 793 naris
591 750 687 797 caeco
714 730 864 806 scheme
892 730 991 794 duaa
1026 732 1092 813 pati
1120 748 1184 797 non
1210 748 1341 816 ponet,

59 827 163 891 usin·
181 827 306 889 tanum
328 846 399 889 cusu
421 836 453 888 et
475 825 573 909 issgse
593 835 626 888 et
648 824 733 887 ritae
753 822 856 907 supin
879 842 1111 910 mnusque
1134 828 1173 888 nd
1194 827 1340 910 superio·

57 943 104 985 re·
129 918 245 996 sillam,
278 939 360 1002 quse
389 919 498 1001 paullo
526 920 597 1000 plus
624 917 708 981 mille
736 917 881 1000 passibus
906 919 1025 983 emani
1047 921 1156 995 abest,
1185 919 1342 1001 Moriar,
1379 911 1384 924 ’

56 1013 144 1096 isqeit,
171 1015 204 1076 iss
228 1014 346 1094 potsa'u
373 1031 473 1092 saepe
499 1021 643 1075 servm.
684 1012 848 1075 Hactenus
875 1009 1008 1090 Liuiuss
1040 1013 1232 1077 Plsrtarcbus
1260 1036 1341 1095 vere

55 1107 106 1170 ita:
129 1107 203 1171 Erat
225 1101 396 1168 Cicereia
419 1104 604 1166 Tusculano
624 1124 695 1168 cum
719 1104 840 1186 Quinto
861 1106 982 1180 frames
1012 1108 1140 1193 cognita
1163 1128 1242 1174 sero
1263 1130 1343 1193 pro·

55 1199 195 1283 scriptione
227 1199 380 1261 Asinum
406 1197 441 1260 in
471 1196 661 1261 maritimum
695 1198 865 1264 Ciceronis
892 1198 1024 1263 tussam
1057 1201 1221 1286 prullclsci
1249 1214 1343 1290 atque

53 1294 106 1357 inde
122 1294 150 1355 in
170 1290 392 1356 lslscedonisns
415 1293 455 1354 ad
477 1292 529 1356 Μ.
556 1293 710 1368 Brutum,
742 1295 781 1355 de
810 1289 900 1357 cuius
927 1291 1064 1358 muenia
1092 1295 1168 1359 laeti
1195 1314 1343 1363 rumores

52 1388 252 1460 sinuantur,
277 1383 411 1449 transire
433 1383 678 1449 consfitnerunt.
729 1388 928 1466 Ferebautup
953 1387 1074 1459 lecticis
1097 1390 1237 1454 coniecti
1259 1410 1344 1456 mse·

51 1500 107 1544 rere
124 1490 212 1565 atque
240 1479 272 1542 iss
303 1479 416 1543 itinere
445 1479 650 1542 subsistentes
682 1478 797 1543 isrneiis
825 1481 942 1545 lecticis
965 1480 1047 1546 intes·
1067 1504 1102 1546 se
1124 1502 1229 1549 casum
1252 1508 1342 1551 susam

53 1573 242 1654 deplorabant.
288 1573 426 1653 Quintus
455 1593 536 1637 vero
566 1573 666 1658 magis
695 1576 873 1659 angebatur
902 1574 1007 1639 animo
1034 1588 1129 1662 atquc
1150 1577 1275 1662 inopiae
1297 1580 1343 1645 ilii

53 1666 75 1729 is
97 1677 215 1731 nentem
246 1667 420 1757 renicbstq
447 1667 524 1730 nihil
558 1668 639 1730 enim
672 1688 779 1732 secum
814 1690 848 1732 se
884 1671 979 1735 domo
1015 1672 1165 1736 extulisse
1199 1673 1343 1752 diceban

53 1760 143 1824 licaeo
162 1761 252 1825 etism
275 1760 484 1847 perexiguum
507 1759 656 1825 viaticum
678 1772 766 1826 erate
799 1765 898 1826 satius
927 1762 1026 1848 igitur
1054 1786 1124 1829 esse
1148 1766 1341 1846 affirmabat,

53 1853 172 1917 ldsrcum
192 1855 271 1940 lisga
291 1858 497 1931 antecedere,
521 1876 555 1918 se
578 1866 781 1923 convasntum
804 1858 930 1920 domum
952 1878 1133 1924 recurrere.
1170 1860 1246 1924 Hoc
1267 1878 1344 1924 con·

53 1947 106 2009 silio
132 1950 265 2029 melanto
301 1949 460 2031 complexi
491 1949 574 2012 inter
610 1970 645 2012 se
674 1949 841 2035 masliisque
870 1950 1006 2016 lacciusis
1035 1952 1177 2036 profusis
1207 1952 1344 2038 digressi

53 2049 114 2103 sant.
153 2038 285 2123 Quintus
308 2062 372 2104 nou
395 2042 438 2105 ita
460 2044 563 2106 miritis
586 2044 696 2108 dicbus
717 2057 793 2127 post
814 2069 830 2109 a
851 2048 958 2111 servis.
975 2047 1121 2129 proditus
1141 2048 1343 2133 inquisitori-

53 2135 95 2195 bsn
116 2155 169 2197 nna
196 2154 267 2199 cum
299 2137 366 2200 litio
394 2146 454 2201 sito
481 2137 665 2201 interiectus
693 2151 754 2203 est.
809 2141 858 2206 Iti
890 2139 1016 2226 quidem
1044 2144 1082 2205 de
1111 2142 1154 2221 Q.
1183 2139 1343 2208 Cicerone

53 2226 232 2306 Plutarcbus3
266 2229 436 2313 Appianas
459 2231 532 2307 IV,
568 2232 622 2295 ii.
653 2232 794 2296 iuhsnc
821 2235 1025 2298 sententiam:
1063 2235 1249 2315 QsCicero
1272 2258 1342 2300 cum

52 2320 100 2382 lilio
125 2326 368 2406 comprehensus
399 2345 606 2406 percussores
639 2329 770 2404 urebat,
808 2339 842 2391 ut
874 2350 908 2392 se
942 2339 1013 2391 ante
1040 2328 1137 2392 fllium
1170 2344 1342 2395 necareuts

53 2417 116 2497 qnod
134 2436 198 2479 ussa
220 2417 306 2481 iilius
336 2431 448 2483 contra
478 2418 549 2481 lieri
577 2421 781 2496 obsecraret,
812 2421 859 2485 iili
888 2441 922 2485 se
950 2442 1060 2486 eorum
1089 2424 1342 2501 controversiam

53 2511 255 2592 composituros
279 2513 444 2588 dixerunt3
478 2513 584 2598 itaque
613 2510 666 2576 alii
695 2515 796 2593 bunc,
832 2517 882 2580 aiii
912 2518 998 2580 illum
1022 2517 1207 2601 accipientes
1230 2522 1342 2585 eodem

52 2601 120 2686 signo
138 2608 244 2668 ambos
267 2605 359 2668 simul
382 2607 578 2671 occiderunt.
627 2608 693 2673 Dio
721 2608 779 2672 lib.
809 2610 963 2687 XLVII,
996 2611 1263 2676 ie.ct11;ira:
1295 2615 1340 2695 Q.

53 2693 209 2763 Ciceronem
231 2700 319 2764 lilius
339 2703 377 2765 de
398 2701 500 2765 medio
518 2701 655 2765 removit
684 2713 733 2778 et,
772 2716 922 2789 muntium
940 2703 1060 2790 inipso
1079 2706 1159 2782 fuit,
1184 2706 1340 2772 servavit.

52 2790 111 2852 dam
132 2803 160 2855 et
179 2804 304 2877 patrem
328 2795 519 2872 occultavit,
545 2808 578 2859 ut
596 2795 732 2859 inveniri
751 2818 815 2861 non
836 2809 963 2881 posset,
987 2809 1019 2862 et
1033 2774 1077 2862 lea
1096 2800 1136 2864 de
1157 2820 1250 2863 caussa
1275 2814 1344 2864 ior-

52 2882 136 2947 mentis
157 2886 304 2950 omnibus
326 2889 525 2953 excruciatus
550 2888 698 2952 iudicium
722 2891 838 2954 ursillum
864 2890 958 2964 fenita
996 2894 1050 2955 sed
1072 2904 1163 2976 pater
1190 2914 1225 2956 re
1249 2893 1343 2957 intel·

52 2974 124 3053 lecta,
154 3001 220 3043 eum
241 2981 448 3047 adusiratione
466 2981 539 3057 filii,
568 2995 632 3045 tum
664 2982 877 3047 misericordia
904 2986 1076 3060 adductus,
1108 2985 1194 3050 ultro
1219 2986 1340 3070 prodiit

52 3089 124 3153 seque
141 3071 204 3154 ipsc
222 3077 469 3157 percussoribus
488 3074 626 3139 tradidit.
671 3079 849 3143 Redeamus
873 3098 954 3139 nstnc
979 3081 1018 3141 ad
1042 3078 1248 3159 Plutarchum
1271 3100 1342 3163 cap.

53 3162 89 3225 ll·
122 3164 252 3244 Cicero,
281 3168 384 3255 inquit
409 3168 483 3248 illc,
516 3171 667 3233 Asturam
694 3171 833 3246 delatus,
858 3192 989 3248 nartem,
1014 3192 1107 3257 quam
1131 3185 1241 3240 uacttss
1262 3171 1341 3252 suit,

53 3256 130 3322 subito
151 3264 332 3326 conscendit
351 3276 383 3347 et
402 3286 489 3329 oram
506 3265 617 3349 legens
637 3261 803 3327 Circaeum
824 3286 923 3348 usquc
943 3275 1037 3331 vento
1055 3265 1213 3348 pervenit.
1261 3268 1341 3330 lude

53 3348 173 3415 ιιιΙιιιιι1
202 3359 439 3439 gubernatores
475 3380 544 3421 curn
579 3369 746 3440 pararent,
783 3357 833 3421 vel
862 3357 954 3421 uraris
981 3369 1066 3422 suctu
1092 3372 1258 3442 permotus
1290 3360 1342 3423 sel

54 3438 169 3510 Caeam
195 3448 288 3512 fidem
317 3472 381 3514 non
412 3452 504 3533 plane
530 3453 700 3532 desperans
727 3450 757 3513 in
781 3464 900 3514 terreus
926 3473 1073 3536 egressus
1100 3464 1165 3517 esis
1197 3465 1229 3517 ct
1257 3453 1343 3518 inilia

53 3554 167 3614 iusum
187 3542 292 3609 x111.
317 3545 384 3608 iere
405 3545 539 3629 pedibus
561 3546 696 3611 Romam
720 3566 832 3610 versus
849 3565 1061 3630 progressus,
1086 3545 1180 3613 animi
1199 3549 1340 3631 pendere

55 3633 129 3714 aspis
154 3638 371 3723 sententiaque
401 3652 518 3703 mutata
550 3661 660 3702 rursus
693 3642 731 3701 ad
762 3660 847 3703 marc
881 3637 1041 3704 descendit
1074 3640 1180 3725 ibique
1214 3654 1339 3707 noctem

58 3725 171 3803 moins
191 3744 223 3795 et
243 3732 375 3796 incertis
397 3731 644 3817 cogitationibus
666 3733 823 3808 traduxit;
850 3735 952 3808 adeo,
974 3747 1006 3797 ut
1026 3733 1058 3797 in
1078 3735 1185 3800 anime
1206 3736 1341 3799 haberet

60 3809 166 3885 besue
187 3826 316 3888 domurn
339 3827 417 3890 clam
443 3826 569 3911 ingredi
589 3827 713 3911 sibique
734 3840 806 3891 ante
827 3828 907 3890 lares
930 3827 997 3891 eius
1022 3848 1129 3892 manus
1151 3826 1270 3892 inferre
1291 3838 1340 3893 at·

59 3913 144 3989 inita
162 3917 293 3982 furiales
314 3919 512 4004 intemperies
534 3920 579 3985 illi
596 3920 772 4007 impingere
790 3915 981 4006 (ἀλάστορα
998 3923 1231 4009 προσβαλεῖν).
1275 3921 1339 3985 Sed
1355 3934 1360 3943 '
1448 3912 1453 3927 ⁸

56 4004 124 4102 flea
140 4013 263 4076 ratione
289 4014 447 4080 cruciatus
466 4026 551 4079 metu
578 4015 745 4097 depulsus,
770 4014 830 4081 alia
852 4035 964 4081 rssrsus
988 4016 1181 4080 tumultuosa
1207 4013 1339 4079 consilis

54 4113 186 4185 ¹ipsicius
206 4106 358 4183 instituit;
382 4122 413 4171 et
438 4110 541 4173 serris
563 4130 597 4172 se
621 4111 659 4171 sd
679 4106 819 4173 Caietam
844 4111 1072 4191 deportandum
1098 4108 1227 4193 navigio
1250 4129 1340 4172 cosn-

54 4190 126 4272 ὦ,
147 4201 197 4264 ubi
223 4201 352 4283 praedis
370 4202 508 4268 babebat
526 4216 557 4268 et
582 4203 728 4267 blandum
748 4215 865 4266 aestate
890 4203 1071 4268 Etesiarum
1094 4203 1204 4267 diebus
1227 4198 1338 4285 periu-

54 4280 125 4367 i'n.
168 4296 228 4359 Est
254 4294 370 4360 ibidem
403 4319 500 4380 supra
528 4317 616 4360 mare
641 4295 791 4361 sacellum
823 4296 1002 4379 Apollinis,
1038 4298 1118 4359 unde
1146 4294 1240 4360 corvi
1266 4316 1338 4359 cuus

53 4376 171 4469 elingere
195 4391 234 4452 ad
264 4387 430 4454 Ciceronis
459 4412 590 4465 narem,
629 4409 709 4473 quae
736 4390 775 4452 ad
795 4389 868 4455 litus
895 4390 1134 4473 appellebntur,
1169 4387 1338 4451 confertim

55 4472 326 4566 dunensemque
351 4505 392 4547 ex
419 4496 553 4571 utraque
581 4495 674 4567 parte
702 4495 852 4548 antennae
878 4482 1045 4547 insidentes
1066 4479 1181 4562 partim
1204 4481 1339 4545 crocita-

78 4650 151 4729 ilh
167 4662 305 4717 Plutarchi
325 4663 417 4716 serbis
436 4681 492 4717 non
512 4679 587 4737 pater
607 4682 670 4718 snm
691 4662 829 4737 appulisse
848 4662 924 4716 lisosl
945 4662 986 4715 uel
1007 4664 1100 4733 portui
1121 4661 1283 4726 Circeiensi,
1306 4676 1336 4716 nt

55 4722 156 4789 baua
174 4755 250 4792 osam
268 4739 361 4813 legens
381 4754 409 4793 es
428 4742 588 4812 perveniens
610 4757 703 4794 rursus
723 4741 828 4792 solvere
848 4736 912 4792 inde
931 4733 1075 4796 debuerim
1096 4733 1143 4788 sed
1158 4750 1234 4788 orans
1247 4737 1338 4807 legens

56 4809 108 4856 suis
123 4827 137 4861 e
153 4817 260 4884 regione
280 4815 471 4879 Circeium,
498 4829 530 4868 ns
546 4830 670 4869 maneres
685 4818 835 4887 metganis
866 4824 961 4876 serpen
981 4808 1045 4864 inde
1064 4814 1166 4863 omissa
1185 4826 1233 4863 ers
1252 4809 1337 4863 sirim

55 4889 107 4932 nass
120 4887 214 4942 intrare
232 4889 392 4944 maidens
410 4905 527 4943 mesae:
557 4889 675 4949 testere
692 4886 723 4947 is
747 4883 944 4966 βουλομένων
961 4881 1057 4948 εὐθὺς
1077 4884 1114 4942 cs*
1132 4885 1256 4942 essenis
1274 4902 1333 4949 sss,-

56 4954 186 5027 ittvpssis.
224 4962 296 5019 liiud
314 4960 478 5031 reddense
497 4962 637 5020 Fabricius
657 4979 710 5019 nee
728 4967 865 5036 interpres
884 4958 1023 5016 mannis
1042 4958 1113 5015 intel
1158 4962 1191 5016 is.
1225 4958 1317 5013 Gaea.
