3322 5578
591 381 828 450 HISTORIA.
1316 390 1358 452 63

70 524 185 591 rentibus
206 523 259 588 Μ.
282 522 421 588 ΤαΙΙὶιιια
443 522 640 611 comiterque
660 522 888 607 excipientibus
911 537 943 588 et
966 524 1255 611 prosequentibus,
1278 528 1360 593 Plu·

71 620 172 684 tarcbss
198 639 328 703 quoque
354 617 478 682 scribit.
527 618 660 690 Clodius
689 631 856 703 praeterea
889 619 977 685 vallas
1002 619 1168 685 Ciceronis
1193 619 1286 684 eiecti
1309 621 1361 684 in·

66 713 211 779 lanmaait
235 723 269 777 et
292 715 419 777 donnum
441 712 475 777 in
499 714 625 779 Palatio
644 714 785 780 incendit
806 727 900 799 atque
922 715 954 778 in
976 735 1049 779 area
1069 715 1220 798 templum
1241 716 1362 781 Liber·

66 809 119 871 tatia
143 806 313 875 cxsbuxit:
343 808 552 886 Plutarchus,
582 808 650 874 Dio
679 820 710 872 et
732 805 850 874 Cicero
878 830 939 892 pro
960 810 1057 873 domo
1085 829 1159 891 cap.
1183 812 1235 875 ll.
1265 830 1358 895 seqq.
1449 861 1452 867 .

64 904 136 967 Βιιι
159 901 388 985 diripiebantur
416 913 510 986 atque
533 906 571 966 ad
590 903 738 969 consules
759 902 1005 979 deserebantur:
1035 901 1199 967 columnae
1221 924 1361 969 marmo-

62 1018 121 1061 reae
139 1018 178 1060 ex
199 994 330 1059 aedibus
351 997 391 1057 ad
412 1016 539 1060 socrum
562 995 689 1061 Pisonis
711 998 944 1079 portabantur:
968 992 997 1059 in
1020 996 1152 1060 lnndnm
1174 1008 1277 1062 autem
1294 1003 1361 1065 Ga·

62 1091 120 1155 binii
138 1090 228 1154 ricini
248 1089 386 1155 consulis
402 1110 466 1157 non
482 1090 578 1153 modo
597 1089 834 1155 instrumentum
855 1104 909 1155 arnt
927 1101 1111 1155 ornamenta
1128 1091 1220 1157 villae
1237 1095 1362 1157 'Inscu-

61 1187 141 1259 Ιιιιιι,
156 1186 211 1249 aed
226 1183 320 1248 etiam
335 1187 467 1248 arbores
481 1183 767 1248 transferebantur.
790 1186 882 1248 Ilaec
892 1183 1010 1249 Cicero
1024 1206 1088 1268 pro
1102 1187 1200 1251 domo
1211 1208 1283 1270 cap.
1294 1189 1361 1265 ld„
1441 1248 1444 1259 ,

60 1290 118 1363 post
129 1279 259 1344 reditum
275 1278 307 1342 in
323 1289 432 1343 senatu
446 1299 520 1361 cap.
537 1282 582 1354 1.,
597 1299 659 1360 pro
676 1277 781 1343 Sentio
796 1298 868 1362 cap.
885 1279 938 1341 91.
955 1282 991 1341 et'
1006 1278 1039 1342 in
1055 1277 1206 1344 Pisonem
1222 1302 1294 1365 cap.
1305 1283 1360 1348 11.

62 1374 205 1456 Templum
225 1373 422 1447 Libertatis,
446 1370 524 1439 νιιίιν
540 1369 771 1457 Ἐλευθερίας,
794 1372 912 1438 Cicero
935 1373 1009 1435 libr.
1025 1373 1075 1439 II.
1097 1394 1170 1456 cap.
1187 1376 1239 1440 17.
1260 1378 1298 1439 tie
1315 1378 1363 1442 le·

61 1468 135 1549 gibus
154 1467 304 1550 templum
326 1467 491 1531 Licentiae
514 1476 622 1530 vocat.
668 1468 798 1531 Pulsum
822 1468 874 1531 M.
899 1467 1039 1530 'I'ullium
1065 1469 1199 1551 pedibus
1221 1470 1281 1533 iter
1301 1494 1362 1554 per

62 1562 210 1625 Lucaniam
232 1560 370 1626 Siciliam
395 1582 507 1624 versus
527 1560 643 1625 iecisse
666 1561 857 1624 Plutarchus
879 1559 1001 1625 scribit.
1043 1562 1177 1625 Neriene
1192 1565 1360 1630 Locridis¹

11 1696 13 1735 ,ε
60 1654 282 1720 turnultus
305 1654 446 1737 Aprilis,
478 1652 584 1739 ibique
612 1655 740 1737 scripsit
769 1655 935 1738 epistolam
960 1657 1127 1719 secundam
1150 1657 1207 1721 lib.
1230 1660 1298 1723 III.
1313 1660 1361 1724 'ad

11 1764 12 1799 ῑ
60 1752 115 1812 tr.
152 1750 230 1813 Inde
259 1747 378 1813 Cicero
408 1748 569 1813 Vibonem
600 1749 726 1827 veniat,
758 1753 846 1834 qnod
875 1760 924 1814 est
951 1749 1103 1833 oppidum
1130 1751 1291 1817 Lucaniae
1321 1756 1361 1817 ael

60 1842 152 1908 buum
173 1856 205 1910 et
226 1866 244 1907 a
266 1842 387 1910 Locris
409 1843 572 1907 conditum
593 1842 682 1925 prins
705 1841 903 1926 Hipponinm
924 1846 1116 1927 appellatum
1132 1845 1210 1919 luit,
1242 1848 1362 1913 Strabo

60 1938 201 2016 n.vl.,
232 1938 357 2005 Caesar
383 1936 450 2002 Ill.
481 1939 520 2001 dc
544 1937 630 2000 liello
659 1936 745 2001 civili
775 1959 848 2020 cap.
880 1941 953 2002 101.
1006 1937 1073 2015 lbi,
1105 1952 1140 2003 ut
1168 1941 1362 2004 Plutarchus

60 2055 83 2097 c.
95 2034 139 2097 31.
161 2033 295 2109 scribit,
319 2030 436 2096 Vibius
458 2033 555 2093 homo
573 2031 736 2110 Siculus³,
759 2032 904 2116 quicum
927 2031 988 2095 alia
1012 2035 1106 2099 unsilia
1129 2039 1297 2100 commoda
1319 2057 1362 2100 ex

62 2126 204 2191 Ciceronis
228 2124 364 2190 amicitia
387 2135 594 2207 perceperat,
626 2134 691 2187 tum
718 2144 758 2188 eo
784 2127 914 2190 conserte
939 2127 1121 2208 praelectus
1143 2129 1268 2194 iabrnm
1290 2130 1362 2194 lue·

11 2292 13 2307 2
60 2232 113 2296 rat,
131 2221 213 2284 illum
237 2221 270 2285 in
291 2222 384 2284 aceles
407 2219 533 2302 quidem
555 2239 618 2281 non
641 2218 778 2300 recepit,
809 2222 866 2283 sed
885 2220 1014 2282 sundram
1038 2242 1072 2283 se
1094 2221 1156 2303 ipsi
1178 2224 1361 2309 adsignatu-

60 2312 326 2378 mnrdenuntiarit.
372 2312 426 2376 Sic
440 2312 492 2375 illa
509 2311 674 2377 Plutarchi
690 2314 808 2389 verba,
828 2314 948 2400 χωρίον
967 2317 1002 2377 ‹tt
1020 2309 1250 2410 xnnccypoiprm
1265 2318 1361 2403 gwy.

62 2397 183 2482 ya'llaro,
210 2419 278 2486 ego
304 2398 366 2462 iam
396 2397 516 2479 pridem
545 2408 786 2461 converteram:
818 2418 889 2460 cum
915 2411 1101 2480 pracsertim
1129 2399 1203 2462 alibi
1228 2421 1362 2484 quoque

61 2494 169 2557 arrham
189 2486 422 2583 καταγράφειν
447 2510 509 2573 pro
531 2489 708 2553 attribuere
736 2502 768 2554 et
793 2488 955 2576 assignare
977 2502 1164 2573 usurpatum
1187 2504 1360 2573 notassem,

62 2599 88 2649 n
100 2593 162 2676 napi
174 2588 413 2699 φιλαδελφίας·
435 2586 540 2671 Ιῐιροι
561 2585 613 2659 δὲ,
636 2584 813 2651 παλλακίσι
829 2589 885 2650 καλ
897 2578 1037 2672 πόρναις
1051 2581 1156 2664 οίκίας
1170 2593 1226 2653 καὶ
1239 2584 1363 2680 ἀγροὺς

63 2704 326 2772 ιαταγραφαντις,
358 2673 438 2764 ὑπὲρ
461 2671 634 2744 οίκοπίὸον
652 2683 708 2742 καλ
728 2678 847 2762 γωνίας
867 2675 950 2764 πρὸς
971 2673 1136 2770 ’ἀδελφοὺς
1158 2683 1362 2769 διαμονομα-

62 2774 144 2860 χιῦσι.
182 2774 309 2841 Merito
337 2772 437 2860 igitur
464 2770 631 2853 Xylandet·
658 2782 768 2835 noster
789 2793 807 2837 a
829 2772 964 2848 BoccbiI
987 2783 1019 2837 et
1041 2772 1181 2838 Corradi
1202 2776 1290 2841 falsis
1311 2776 1362 2840 iaa-

62 2870 321 2952 terpretationibns
340 2867 496 2932 discessit.
533 2864 651 2931 Cicero
672 2887 706 2930 se
727 2869 768 2929 ad
781 2866 943 2931 Vibonem
966 2866 997 2930 in
1018 2867 1119 2933 fundo
1136 2868 1228 2935 Sicae
1245 2869 1359 2948 subse,

64 2964 94 3025 ad
109 2964 239 3029 Atticum
263 2962 374 3029 scribit
396 2961 490 3046 epist.
513 2961 546 3024 2.
569 2972 601 3023 ct
623 2961 655 3023 l.
678 2959 735 3024 lib.
753 2960 819 3025 Ill.
866 2960 1022 3040 Siciliam,
1048 2984 1140 3047 quam
1163 2963 1283 3030 Cicero
1304 2986 1364 3047 pe-

63 3057 144 3132 aba,
164 3078 203 3123 eo
220 3070 370 3140 ternpore
386 3054 549 3120 obtinebat
567 3052 609 3118 C.
625 3053 785 3138 Virgilius
799 3049 914 3134 (Γάιος
934 3051 1107 3144 Οὐιργῑνος
1121 3069 1171 3119 cst
1188 3061 1271 3141 apud
1284 3060 1362 3123 Plu-

62 3151 234 3233 meunt).
281 3153 421 3217 Praetor
437 3149 465 3212 is
481 3147 632 3213 Ciceroni
653 3147 798 3230 scripsit,
820 3171 861 3213 ne
880 3148 912 3212 ia
926 3149 1064 3214 Siciliam
1083 3153 1219 3215 reniret.
1251 3152 1361 3234 Quare

62 3244 170 3311 man‘lio
187 3256 322 3330 repente
347 3254 470 3307 mutato
491 3242 606 3307 iterum
630 3264 648 3306 a
666 3243 799 3308 Vibone
820 3241 1021 3308 Brundisium
1043 3256 1129 3309 terra
1151 3257 1262 3330 petere
1282 3267 1363 3312 con·

62 3338 155 3414 tutin
184 3351 221 3405 nt
247 3339 317 3423 ipse
343 3360 405 3420 pro
427 3337 560 3402 Plancio
588 3357 662 3420 cap.
687 3339 739 3401 tn.
765 3348 884 3400 ramat.
938 3337 976 3401 ln
999 3359 1039 3402 eo
1059 3337 1260 3406 itinere'Ill.
1284 3342 1362 3406 Idus

63 3432 148 3511 April.
169 3434 287 3498 Thurii
307 3431 435 3515 scripsit
455 3431 548 3514 epist.
572 3432 606 3494 5.
631 3430 707 3494 libr.
732 3431 799 3495 III.
826 3434 865 3493 ad
885 3431 958 3495 Att.
985 3443 1016 3494 et
1034 3432 1136 3497 XIV.
1159 3433 1236 3498 Kal.
1255 3435 1362 3499 Maias

64 3521 169 3588 Tarenti
195 3538 400 3612 sequentem:
433 3528 609 3610 eodemque
636 3524 687 3587 die
710 3540 743 3588 se
770 3525 971 3589 Brundisium
998 3525 1139 3603 venisse,
1170 3528 1305 3610 epistola
1327 3535 1359 3595 7.

64 3614 174 3681 sieten
200 3620 278 3684 libri
302 3617 425 3683 scribit.
468 3619 590 3682 Urbem
619 3615 718 3699 ipsam
747 3616 909 3702 ingressus
930 3640 994 3683 uon
1018 3632 1085 3684 esta
1115 3624 1173 3684 sed
1194 3624 1225 3685 in
1245 3623 1361 3687 hortos

65 3705 104 3773 ll.
120 3712 226 3779 Laeuii
247 3712 359 3781 Flacci
377 3734 412 3777 se
434 3711 585 3785 contulit3
608 3732 671 3794 pro
693 3711 826 3776 Plancio
848 3732 921 3796 cap.
945 3714 999 3777 ll.
1043 3714 1191 3778 Meminit
1212 3716 1304 3781 etiam
1326 3715 1361 3779 iu

66 3802 180 3873 butiana
198 3820 272 3893 cap.
288 3808 342 3873 63.
365 3809 463 3889 Apud
481 3807 533 3870 M.
548 3803 703 3869 Laenium
721 3802 788 3868 dies
803 3806 904 3870 XIII.
922 3806 1003 3882 iuit3
1024 3806 1121 3891 epist.
1138 3809 1171 3872 l.
1184 3808 1241 3874 lib.
1257 3810 1360 3874 xlv.

67 3896 221 3966 adllanril.l
254 3901 364 3968 Pridie
378 3902 455 3967 Kal.
472 3899 597 3977 Illaias,
621 3921 694 3963 cum
709 3898 881 3964 Brundisio
897 3899 1108 3982 proficiscens
1124 3901 1360 3984 Dyrrhachium

68 4003 141 4058 resto
160 3998 300 4062 secundo
328 3995 557 4063 transmitteret
583 4005 678 4079 atque
708 3997 860 4058 adversus
885 4014 927 4057 ex
948 3993 1014 4060 alto
1035 3994 1194 4073 rellasaet,
1223 3997 1360 4061 reiectus

72 4114 1355 4141 mmm-..-

93 4184 118 4246 1)
131 4183 235 4240 Inserta
255 4201 296 4240 ear
316 4184 417 4240 intio:
437 4183 566 4239 'lurntall
583 4183 676 4257 Epist.
696 4198 725 4257 p.
739 4184 786 4242 ⁸9.
814 4187 845 4233 iar
862 4180 1055 4238 NuriaLueo.
1092 4182 1164 4239 atat:
1184 4188 1214 4237 ln
1233 4189 1292 4240 crta
1305 4186 1362 4240 Las·

67 4259 150 4313 uae,
184 4261 327 4315 Iabrtctea
346 4261 412 4315 tect.
433 4267 497 4318 Aac.
516 4276 571 4317 aec
589 4272 617 4312 et
636 4259 713 4311 Crat.
731 4271 842 4312 neuma
861 4272 913 4311 sat.
978 4314 981 4319 ⁴

94 4328 118 4401 2)
139 4333 191 4390 eb.
214 4335 352 4393 ‘l'uuatalli
377 4337 430 4408 Bp.
455 4334 524 4390 abad.
568 4328 636 4402 „dd
658 4333 798 4388 Vibonem
829 4347 970 4403 nonquam
997 4337 1131 4407 pervenit.
1178 4336 1208 4387 A
1232 4338 1359 4408 Vibone,

68 4403 135 4477 taum
146 4408 176 4463 ad
188 4410 278 4467 Attin.
293 4418 320 4479 2,
331 4413 377 4481 1.,
399 4409 489 4463 arabico
509 4410 702 4478 dicernimus,
720 4415 739 4464 1.
753 4426 778 4462 ι.
792 4423 807 4459 a
820 4408 937 4461 consilia
950 4407 1085 4462 Vibonem
1107 4406 1300 4482 proficiscendi
1323 4446 1360 4460 -

69 4477 104 4530 ων
121 4499 175 4538 cam
187 4492 338 4557 pervenite
361 4500 419 4541 noo
435 4486 533 4539 liceret
551 4501 606 4541 cet.
629 4511 666 4527 ·-
688 4484 816 4539 Ceterum
843 4478 913 4535 adde
937 4480 971 4536 dc
994 4483 1088 4536 Dlaim
1107 4482 1139 4551 1,
1163 4491 1215 4555 28,
1233 4494 1280 4550 59,
1302 4506 1361 4545 ma.

69 4555 174 4613 *aitte
192 4560 260 4615 ttbad
279 4564 423 4616 ciceronis
442 4566 597 4627 sumntum,
621 4574 678 4632 qua
699 4558 795 4614 stadim
816 4558 952 4614 salnarias
971 4557 1087 4612 libertus
1106 4560 1287 4638 acclamante,
1313 4582 1362 4619 n.

70 4624 137 4682 Β·
152 4640 176 4685 ιι·
193 4639 308 4693 celerem
325 4646 355 4690 st
372 4638 529 4707 μοι-Μαι
544 4643 691 4709 mrum.

96 4702 253 4778 illandus
272 4730 337 4768 cum
356 4715 500 4769 Ciceronis
519 4711 584 4767 Sica
601 4709 688 4767 iataaa
706 4721 801 4766 censet
819 4707 989 4763 Tnnstallua.

99 4781 123 4845 l)
137 4784 219 4852 Γάϊος
237 4786 292 4847 Oria
313 4788 406 4866 yilaoc
424 4793 527 4843 recttna
548 4804 622 4842 nunc
640 4785 747 4841 editum
766 4797 809 4838 est
828 4780 900 4855 apud
921 4779 1102 4840 Schaefernna
1120 4803 1147 4846 c.
1167 4790 1213 4850 32.

100 4852 174 4929 illle
193 4866 267 4918 omni
292 4807 375 4918 heina
403 4860 487 4938 lagae
512 4867 621 4919 ratione
652 4860 748 4918 confer
771 4858 919 4915 emesan
945 4859 1085 4917 Baeticam
1119 4862 1155 4918 ad
1180 4864 1360 4923 Ptanstanun

76 4935 161 4996 μω
174 4953 247 5013 ’,Ἧι
265 4937 318 4995 nde
337 4954 425 4994 Ma
784 4968 787 4981 ¹
