3348 5584
279 314 341 379 sos
674 311 727 377 u.
755 309 917 375 runnu
948 306 1196 375 crcuaours
1278 374 1282 389 ,

278 455 400 544 gesimo
422 476 506 521 enno
528 454 709 519 consulatus
731 453 871 515 daretur.
922 448 1093 514 Suetonius
1115 448 1147 511 in
1168 449 1320 532 Augusto
1341 465 1413 527 esp.
1438 443 1491 509 55.
1515 443 1595 508 sesi·

279 553 326 617 hit
353 573 423 617 eum
452 551 482 615 in
512 549 711 615 ordinatione
733 545 805 611 enni
827 543 978 610 Sextilem
1001 534 1136 606 meuserit
1166 564 1184 606 e
1212 562 1271 607 suo
1299 537 1489 625 cognomine
1518 560 1597 601 urm·

279 668 429 729 cupasse,
462 646 550 727 quod
576 663 615 706 eo
643 640 704 704 sihi
727 651 760 701 et
777 638 1102 722 primnseonsulatus
1124 648 1154 699 et
1175 634 1316 719 insigues
1338 631 1490 696 victoriae
1512 631 1598 697 elati·

279 743 413 826 gissent.
456 736 607 801 Similiter
627 734 694 801 Dio
715 733 773 797 lih.
796 733 892 797 LVI.
912 732 1009 797 tradit
1026 728 1234 796 Octavianum
1249 730 1352 794 XlX.
1373 726 1422 793 die
1441 725 1597 812 Arigaion,

280 838 411 911 eodem,
435 854 501 918 quo
523 832 656 915 primurn
679 828 876 893 consulatum
899 838 1046 908 ceperat,
1073 824 1257 888 decessisse.
1302 821 1423 889 Caesar
1443 818 1600 887 octena·

279 951 337 994 uus
360 948 430 993 ces.
453 928 557 1012 legem
579 924 649 987 tulit
673 926 711 986 de
733 920 917 1005 quaestione
939 919 1081 981 habenda
1102 916 1135 980 in
1156 938 1229 992 eos,
1257 936 1393 998 mserum
1416 934 1518 995 opera
1538 934 1600 995 pa·

278 1034 330 1086 ter
352 1020 474 1085 occisus
496 1029 597 1092 essen
620 1014 732 1079 Livius
754 1014 811 1076 lih.
835 1004 961 1085 cxx,
985 1012 1153 1095 Appianas
1175 1011 1232 1073 lib.
1254 1009 1327 1084 Ill,
1352 1009 1420 1083 95,
1449 1007 1516 1075 Dio
1538 1007 1599 1069 lils.

270 1116 419 1188 XLVI,
454 1112 506 1177 118.
528 1115 654 1176 Auctor
682 1108 761 1194 legis
784 1108 844 1171 suit
873 1107 1087 1183 Octavianus,
1125 1105 1196 1168 tulit
1229 1103 1271 1183 Q.
1300 1101 1420 1167 Pedius
1452 1100 1598 1183 collega:

281 1211 363 1273 crude
385 1209 439 1271 lex
459 1206 557 1271 Pedia
581 1204 778 1276 nominatum
802 1222 901 1286 eaque
923 1201 1082 1276 omnihus,
1106 1197 1160 1281 qui
1174 1198 1288 1265 leslurm
1309 1195 1478 1263 Caesarem
1499 1194 1602 1259 inler-

281 1304 442 1377 fecerant,
480 1322 560 1383 aqua
592 1298 722 1383 ignique
757 1296 955 1359 interdictum
979 1307 1050 1379 est3
1080 1291 1224 1356 Velleius
1260 1290 1315 1355 lih.
1342 1289 1391 1355 ΙΙ.
1428 1308 1500 1369 cap.
1528 1287 1601 1363 69..

283 1393 458 1461 Suetonius
479 1392 510 1454 in
533 1393 662 1456 Nerone
684 1412 755 1471 cap.
776 1390 808 1453 5.
854 1388 977 1454 Consul
998 1388 1100 1453 faetus
1117 1383 1310 1449 Octavianus
1332 1382 1541 1456 Ciceronem,
1567 1392 1604 1443 ut

282 1490 474 1557 Plutarchus
495 1489 526 1550 in
549 1486 615 1549 eius
644 1484 707 1547 rita
737 1504 806 1566 cap.
834 1484 885 1547 ltu.
914 1480 1045 1556 scribit,
1079 1480 1183 1543 valere
1206 1479 1342 1554 ἰιιιιίῑ,ι
1377 1490 1409 1540 et
1430 1496 1507 1558 pace
1528 1495 1603 1539 euru

280 1583 425 1651 Antonio
454 1579 644 1673 Lepidoque
672 1578 756 1640 saeta
789 1576 899 1657 copias
928 1594 1036 1638 ornnes
1062 1575 1092 1636 in
1124 1594 1216 1635 uncum
1246 1572 1350 1637 locum
1372 1580 1606 1637 conuenerunt

280 1677 389 1760 ibique
410 1673 575 1756 imperinm
600 1673 776 1736 Rornannm
798 1668 889 1753 quasi
910 1667 1142 1750 possessionem
1170 1665 1303 1748 aliquam
1326 1664 1409 1728 inter
1430 1685 1465 1728 se
1486 1662 1605 1727 diuise-

237 1829 241 1837 .
282 1781 368 1834 rrsnt.
414 1766 529 1832 Partiti
557 1775 630 1828 suut
657 1773 760 1827 antem
789 1760 973 1843 provincias
997 1759 1077 1823 inter
1107 1780 1141 1822 se
1171 1759 1233 1822 hoc
1264 1760 1380 1833 modo,
1417 1769 1452 1821 ut
1479 1759 1605 1825 Caesar
1660 1796 1661 1833 ,

281 1877 447 1947 utramque
469 1858 611 1925 Africam
636 1877 706 1920 eum
730 1855 836 1917 Sicilia
864 1865 896 1916 et
917 1854 1077 1927 Sardinia,
1112 1852 1253 1935 Lepidus
1276 1852 1447 1934 Hispanias
1468 1863 1502 1915 et
1524 1850 1604 1915 Gal·
1660 1862 1661 1935 ,

280 1960 354 2022 liam
377 1955 639 2026 Narbonensem,
674 1947 834 2012 Antonius
865 1948 1001 2031 reliquas
1025 1947 1145 2011 Gallias
1170 1947 1320 2020 haheret;
1352 1945 1521 2028 Appianas
1543 1942 1604 2007 lib.

282 2052 349 2124 lv,
372 2048 415 2123 2,
437 2045 502 2110 Dio
525 2045 579 2108 lib.
601 2042 734 2117 XLVI,
758 2043 811 2105 55.
855 2041 943 2104 Inter
964 2044 1024 2104 hos
1046 2041 1139 2103 etiam
1162 2039 1328 2115 convenit,
1354 2050 1387 2102 ut
1408 2037 1467 2121 ipsi
1490 2038 1606 2101 trium·
1660 2120 1661 2127 ἵ

282 2144 346 2209 viri
373 2141 419 2205 rei
446 2140 592 2223 publicae
619 2135 856 2201 constituendae
888 2155 948 2216 per
976 2132 1220 2219 quinquennium
1249 2144 1369 2208 essent,
1403 2145 1435 2194 et
1463 2142 1499 2197 ut
1527 2149 1606 2194 siros

283 2237 417 2324 quisque
444 2233 589 2297 inimicos
625 2230 859 2314 proscriberet:
893 2228 923 2288 in
950 2250 1010 2311 qua
1040 2228 1276 2311 proscriptione
1306 2226 1430 2308 plurrimi
1458 2225 1604 2310 eqrrites,
1660 2238 1661 2243 ’

285 2328 430 2396 CXXX.
455 2338 637 2390 senatorum
660 2323 786 2387 nomina
808 2323 947 2397 srrcrunt,
973 2334 1006 2383 ut
1028 2334 1074 2385 est
1096 2322 1126 2384 in
1143 2321 1228 2385 Livii
1248 2321 1385 2403 epitorna
1399 2321 1475 2383 lihr.
1489 2320 1607 2386 CXX.
1660 2340 1661 2399 ι

284 2428 337 2489 Τιι
360 2421 432 2486 vide
456 2420 607 2486 Orosium
630 2430 773 2480 nostrum
796 2415 851 2479 lih.
876 2417 938 2481 Vl.
961 2439 1031 2499 cap.
1062 2417 1114 2479 18.
1166 2414 1336 2479 Caesarem
1364 2413 1520 2479 restitisse
1550 2414 1607 2476 ali·
1660 2404 1661 2459 l

284 2514 431 2600 quamdin
452 2513 597 2597 collegis,
622 2532 661 2574 ne
680 2532 742 2594 qna
760 2509 849 2575 fieret
865 2509 1081 2592 proscriptio,
1104 2510 1160 2572 sed
1181 2509 1335 2590 inceptam
1358 2518 1496 2592 utroque
1517 2528 1608 2571 aecr-

276 2596 354 2673 hius
377 2606 557 2671 exercuisse
588 2603 793 2688 Tranquillus
823 2606 911 2684 Aug.
941 2623 1012 2686 cap.
1036 2602 1087 2665 27.
1112 2602 1166 2665 ait.
1219 2600 1393 2667 Maximam
1426 2621 1503 2665 vero
1525 2622 1608 2667 cou-
1660 2594 1661 2633 ³

283 2702 475 2774 tentionem,
499 2697 600 2781 inquit
622 2697 829 2770 Plutarchus,
855 2694 1022 2761 Ciceronis
1044 2694 1239 2779 proscriptio
1261 2696 1423 2779 praebuit,
1448 2717 1518 2759 eum
1537 2697 1609 2759 Au-

284 2792 391 2860 tonius
414 2792 528 2854 nullam
552 2789 764 2854 conditionem
787 2789 956 2871 acciperet,
982 2790 1039 2852 nisi
1061 2790 1181 2873 primus
1200 2790 1251 2853 ille
1268 2789 1516 2866 interficeretur,
1541 2793 1608 2854 Le-

283 2888 376 2974 pidus
404 2885 548 2949 Antonio
577 2883 801 2956 assentiretur,
840 2882 959 2947 Caesar
975 2885 1113 2969 ,utrique
1135 2896 1347 2969 repugnaret.
1399 2884 1606 2969 Congressus

239 2974 243 2985 ¹
283 2983 399 3045 horum
421 2978 515 3040 trium
540 2978 684 3041 occultus
705 2977 737 3039 in
760 2976 894 3039 triduum
916 2977 977 3040 suit
1000 2980 1084 3059 apud
1106 2979 1299 3055 Bononiam,
1330 2978 1361 3039 in
1383 2979 1458 3043 loco
1479 2991 1606 3043 remoto

285 3096 302 3138 a
326 3073 438 3137 eastris
462 3084 493 3135 ct
514 3071 641 3135 llrrmine
663 3070 873 3145 circumfus03
897 3081 930 3134 ut
951 3070 1142 3137 Plutarchus
1165 3095 1229 3138 non
1251 3074 1353 3137 solum
1374 3072 1405 3135 in
1430 3070 1606 3149 Cicerone,

284 3171 340 3232 sed
361 3181 393 3231 et
414 3166 444 3230 in
469 3166 613 3230 Antonio
637 3163 744 3229 tradit.
788 3164 1244 3247 Dioqnoquelih.XLV1,
1278 3168 1332 3230 55.
1355 3167 1467 3233 scribit
1495 3166 1609 3231 trium·
1660 3164 1661 3243 l

285 3260 373 3325 vires
396 3260 582 3324 convenisse
604 3260 634 3321 in
657 3280 757 3340 parva
780 3259 879 3320 insula
901 3258 1053 3336 flrsrninis,
1086 3263 1173 3346 quod
1196 3260 1371 3325 Bononiam
1393 3260 1609 3343 praeterlahi·
1660 3250 1661 3343 l

284 3354 376 3417 ιιι.2
429 3341 600 3435 Appianus
625 3351 714 3415 initio
745 3351 816 3437 libri
843 3351 947 3434 quarti
968 3374 1040 3437 cap.
1064 3356 1160 3420 Bait
1181 3377 1238 3419 cos
1260 3375 1454 3439 congressos
1476 3374 1546 3418 esse
1568 3359 1609 3419 ad

283 3447 442 3513 Mutinam
465 3444 498 3508 in
520 3444 649 3508 Lauinii
677 3445 766 3507 fluvii
787 3444 918 3533 insula.¹
946 3446 1011 3511 Sed
1038 3448 1274 3515 triumvirorum
1298 3450 1407 3531 copias
1429 3451 1468 3510 ad
1494 3449 1609 3515 Bouo-
1660 3452 1661 3519 l

282 3543 365 3604 niam
388 3552 566 3604 contractas
588 3539 688 3604 luisse
711 3538 879 3603 Suetonius
894 3538 993 3621 ,etiam
1011 3539 1043 3604 in
1066 3545 1215 3629 Augusto
1237 3565 1309 3625 esp.
1325 3545 1379 3608 96.
1403 3556 1517 3608 auctor
1539 3556 1600 3620 est,

284 3646 315 3698 et
337 3634 456 3697 Florus
488 3655 559 3716 cap.
583 3633 616 3697 5.
647 3632 703 3694 lih.
728 3632 792 3695 tv.
816 3632 911 3694 tradit
939 3655 1048 3716 pacem
1077 3635 1158 3700 inter
1180 3649 1245 3699 tres
1268 3640 1364 3701 deseca
1385 3637 1500 3701 saetam
1522 3639 1610 3721 apud

284 3728 480 3792 confluentes
503 3730 585 3790 inter
608 3724 772 3790 Perusiam
802 3737 833 3788 et
858 3726 1049 3791 Bononiam.
1101 3730 1153 3794 Ibi
1181 3731 1266 3794 aiunt
1296 3729 1466 3795 Caesarem
1495 3730 1608 3813 primis

284 3818 413 3898 diebus,
439 3833 473 3884 ut
498 3821 689 3885 Plutarchus
712 3831 838 3894 narrat,
863 3842 923 3902 pro
941 3819 1106 3888 Ciceronis
1129 3824 1230 3889 salute
1252 3845 1321 3887 crrrn
1344 3824 1460 3888 ceteris
1476 3845 1611 3888 eoncu-

283 3927 369 3978 tasse
392 3935 429 3977 ac
450 3910 545 3977 tertio
569 3917 691 3976 demum
716 3912 764 3975 die
787 3917 982 3981 concessisse
1003 3920 1132 4003 eiusque
1155 3917 1252 3981 vitam
1274 3917 1466 4000 prodidisse.
1517 3918 1545 3981 F
1549 3918 1611 3981 uit·

285 4028 348 4091 que
369 4006 561 4090 permutatio
584 4005 627 4070 ita
649 4007 751 4069 faeta:
777 4004 965 4072 Ciceronem
990 4011 1126 4084 Caesar,
1151 4012 1194 4073 L.
1218 4012 1365 4076 Paullum
1386 4011 1520 4075 fratrem
1544 4012 1610 4075 Le-
1660 4020 1661 4027 ’

283 4103 396 4186 pitius,
420 4105 464 4166 L.
481 4101 652 4169 Caesarem
676 4102 865 4165 avirnculnm
881 4105 1041 4166 Antonius
1062 4106 1225 4187 proscribi
1246 4106 1399 4188 permisit.
1432 4106 1501 4172 scu
1511 4109 1611 4185 nteit,
1660 4124 1661 4171 t

283 4195 387 4280 inquit
401 4195 590 4260 Patercnlus
601 4193 660 4260 lib.
670 4197 718 4260 ll.
735 4215 806 4277 cap.
820 4195 887 4268 66..
901 4209 973 4260 tam
983 4197 1159 4279 indignum
1170 4200 1232 4263 illo
1245 4199 1489 4281 temporesuit,
1504 4218 1612 4283 quom
1660 4178 1661 4249 i

286 4288 383 4371 quod
400 4299 463 4351 cut
486 4290 610 4353 Caesar
629 4287 1009 4372 aliquemproscrr'here
1037 4300 1181 4353 coactus
1201 4298 1267 4372 est,
1296 4301 1358 4354 eut
1388 4289 1431 4353 ah
1463 4290 1539 4353 ullo
1562 4286 1613 4350 Οἰ-
1660 4342 1661 4359 ,

287 4396 365 4445 cero
386 4380 600 4460 proscriptus
619 4389 679 4443 est.
721 4365 873 4442 Cesserel
894 4376 946 4439 ille
968 4380 1027 4440 suh
1050 4380 1216 4441 adventum
1240 4379 1478 4467 trirunvirorum
1500 4380 1611 4452 Urbe,

259 4500 264 4505 ·
284 4476 322 4528 ut
350 4486 392 4527 ex
421 4465 521 4530 Livio
544 4471 664 4533 Seneca
693 4468 749 4535 lib.
770 4470 800 4535 l.
824 4469 1046 4535 Suasoriarnm
1071 4475 1101 4535 7.
1124 4473 1245 4549 refert,
1275 4497 1336 4557 pro
1359 4486 1449 4543 certo
1469 4474 1610 4544 habeus,

287 4558 320 4622 id
342 4562 429 4642 quod
451 4574 538 4636 erat,
568 4581 633 4626 non
662 4563 763 4648 magis
791 4564 938 4628 Antonio
967 4565 1048 4651 eripi
1075 4587 1109 4629 se
1137 4586 1230 4649 quasa
1257 4568 1390 4633 Caesari
1411 4564 1558 4632 Cassium
1581 4574 1613 4627 et

289 4652 426 4715 Brutum
448 4673 560 4736 posse.
610 4654 722 4719 Primo
744 4655 776 4720 in
799 4658 1012 4720 Tusculanum
1033 4660 1182 4746 fugerat:
1213 4661 1285 4724 inde
1308 4656 1610 4724 transversisitiue·

329 4791 360 4852 1)
381 4784 542 4865 Κικέρωνα
563 4788 623 4866 per
636 4789 719 4849 eleos
732 4790 866 4870 χαίρειν.

327 4866 356 4924 2)
376 4858 466 4914 Hodie
481 4861 566 4918 arno.
