3322 5578
564 350 804 445 mercum.
1107 354 1113 365 .
1286 346 1327 416 us

48 521 99 573 mn
110 500 247 575 temni,
276 511 352 563 tum
363 499 509 582 populo,
541 495 701 560 concione
718 516 742 556 e
757 492 953 558 consulibus
968 493 1069 569 datu,
1096 492 1132 556 in
1149 502 1273 555 senatu
1294 501 1327 554 et

49 597 222 665 mmnrione
243 594 327 678 egit.
371 594 424 657 Eo
448 591 564 665 biduo,
594 611 666 652 cum
693 599 776 651 esset
798 608 940 650 annonae
962 608 1079 649 summa
1102 584 1235 658 caritas,
1267 585 1328 648 ho·

49 694 116 759 sires
142 692 241 774 prime
272 690 312 751 art
342 688 498 750 theatrum
528 693 702 756 venerunt,
734 680 786 747 ubi
815 683 858 744 L.
885 679 1031 745 Caecilio
1062 679 1150 742 Rufo
1177 688 1327 759 praetore

46 790 110 851 lnlns
124 783 323 866 Apollinares
348 780 484 845 laciente
512 780 554 842 ita
583 777 688 839 inlima
711 774 867 837 concitata
890 774 1057 836 multitudo
1080 792 1223 837 annonae
1245 770 1327 833 cari-

43 892 88 943 trts
104 877 276 943 tumultuata
300 885 365 950 est,
391 885 425 935 ut
446 893 574 945 omnes,
597 871 650 955 qui
673 870 702 932 in
725 871 851 933 theatro
875 867 1037 952 spectandi
1058 887 1150 929 causa
1177 867 1328 929 consede·

42 984 105 1048 rmt,
127 971 337 1053 pellerentur:
368 967 484 1030 deinde*
500 965 593 1028 iidem
615 966 654 1026 ad
675 963 888 1046 Capitolium,
922 960 974 1024 ribi
993 972 1059 1023 tum
1083 969 1208 1023 senatus
1231 958 1330 1020 habe-

42 1071 123 1140 tatur,
143 1072 381 1127 concurrerunt.
427 1058 573 1142 Cumque
595 1060 717 1121 caedem
741 1070 772 1119 et
794 1056 1007 1130 incensionem
1028 1052 1182 1136 Capitolii
1202 1064 1328 1115 senato·

43 1163 106 1223 abus
125 1156 312 1220 minarentur
334 1164 428 1239 atque
451 1150 571 1221 ideirco
591 1172 650 1234 per
673 1172 730 1215 eos
751 1151 836 1226 dies,
870 1149 986 1234 quibus
1007 1150 1187 1211 senatusue
1203 1167 1329 1209 annona

41 1256 199 1327 matur,
229 1249 413 1315 consulares
434 1247 579 1331 plerique
600 1247 765 1319 abessent,
797 1247 883 1329 quod
907 1255 978 1308 tuto
1001 1265 1034 1306 se
1057 1253 1210 1326 negarent
1233 1260 1330 1324 posse

40 1347 188 1412 senteutiam
214 1344 343 1409 diceret
374 1342 405 1405 iu
430 1340 596 1405 Ciceronis
620 1340 801 1404 sententIam
827 1340 946 1402 facttum
973 1347 1022 1401 est
1044 1338 1079 1400 S.
1104 1336 1146 1400 C.
1170 1349 1265 1420 atque
1288 1357 1330 1399 ex
1402 1335 1405 1348 '

40 1465 68 1506 ro
83 1442 125 1505 lex
144 1437 361 1523 promulgata,
392 1447 426 1498 ut
449 1433 607 1515 Pompeio
631 1456 690 1517 per
719 1431 964 1519 quinquennium
993 1429 1096 1496 omnis
1117 1443 1260 1513 potestas
1282 1429 1332 1495 rei

39 1533 228 1599 frumentariae
245 1543 318 1595 toto
338 1532 419 1595 orbe
433 1540 590 1592 terrarum
605 1532 754 1605 daretur3
778 1527 895 1594 Cicero
913 1548 975 1608 pro
991 1528 1088 1592 dumo
1104 1546 1177 1608 cap.
1190 1526 1223 1590 3.
1234 1548 1329 1621 seqq.

41 1628 154 1711 stepist.
176 1630 208 1690 1.
230 1625 290 1689 lib.
310 1625 374 1688 IV.
399 1626 439 1686 ad
461 1624 553 1697 Att.,
586 1623 747 1686 Asconius
771 1621 803 1685 in
823 1620 1034 1685 Milonianam
1063 1641 1134 1702 cap.
1154 1621 1222 1695 11.,
1251 1621 1332 1684 I’lu·

41 1724 137 1785 tsrcbus
154 1722 183 1782 in
203 1718 363 1800 Pompeio
383 1728 414 1779 et
433 1716 498 1780 Dio
520 1715 577 1779 lib.
596 1716 771 1788 XXXIX,
796 1717 828 1781 9.
874 1716 990 1778 Secuta
1012 1725 1062 1777 est
1082 1714 1194 1778 ‹leinrle
1216 1738 1331 1798 magna

41 1814 169 1880 eontentio
199 1815 240 1875 ele
266 1813 363 1875 domo
392 1807 579 1883 Ciceronis,
608 1830 702 1892 quam
727 1808 859 1874 Clodius
882 1808 1042 1872 Libertati
1070 1821 1329 1873 consecraverat.

40 1910 154 1991 Populus
173 1929 241 1971 eam
263 1903 401 1968 comitiis
422 1901 606 1965 'centuriatis
624 1904 735 1965 eodem
755 1903 824 1965 iure
846 1922 915 1965 esse
934 1901 1087 1976 iusserat,
1120 1924 1185 1986 quo
1206 1904 1330 1969 luisset.

40 2006 131 2067 Verum
147 2013 272 2065 senatus
291 1998 495 2071 decreverat,
521 2008 555 2058 ut
573 1997 611 2058 tle
629 1995 697 2058 citis
717 1993 874 2079 religione
893 1997 932 2058 ad
948 1995 1140 2060 Pontificum
1159 1996 1331 2081 collegium

39 2098 200 2169 nlerretur;
230 2106 265 2156 ut
296 2103 344 2155 est
371 2088 402 2153 iu
425 2101 508 2153 orat.
532 2092 570 2152 de
593 2091 724 2171 harusp.
748 2110 835 2171 resp.
864 2110 936 2172 cap.
960 2089 992 2153 6.
1038 2091 1135 2175 Apud
1164 2092 1334 2174 pontifices
1398 2152 1404 2157 .
1434 2100 1439 2111 '

39 2189 114 2272 pridie
134 2189 205 2252 Kal.
227 2188 371 2254 Octobr.
396 2183 514 2250 Cicero
543 2204 605 2265 pro
628 2186 723 2247 domo
747 2182 826 2245 dixit
851 2204 918 2245 eam
942 2184 1139 2260 orationem,
1171 2209 1252 2270 quae
1273 2184 1331 2249 eri·

40 2295 98 2344 uat:
123 2283 150 2346 in
172 2304 231 2365 qua
254 2279 389 2361 primum
409 2280 584 2360 respondet
601 2275 738 2355 Clodio,
769 2276 821 2358 qui
844 2277 1000 2340 actionem
1021 2277 1088 2340 eius
1111 2280 1150 2341 de
1171 2291 1333 2361 potestate

39 2373 302 2439 uilrurnentariae
328 2373 487 2454 Pompeio
520 2372 620 2433 danda
646 2371 914 2452 reprehenderat;
949 2370 1060 2433 deiude
1089 2392 1176 2433 suam
1204 2374 1332 2437 domums

40 2482 143 2550 pmptcr
164 2468 271 2533 Clodii
294 2466 564 2529 consecrationem
589 2485 709 2525 sacram
732 2484 797 2526 uon
818 2485 903 2532 esse.
927 2466 982 2526 seu
1006 2466 1045 2531 ab
1069 2465 1155 2528 omni
1173 2465 1333 2550 religione
1380 2492 1383 2497 ’

41 2582 137 2624 rusam
155 2574 247 2646 atque
266 2583 378 2644 perram
397 2562 503 2624 docet.
541 2560 639 2635 Nam,
666 2571 699 2621 ut
716 2559 781 2623 Dio
804 2560 862 2623 lib.
881 2560 1059 2635 XXXIX,
1084 2581 1114 2623 c.
1135 2562 1187 2622 11.
1208 2557 1329 2635 scribit,

40 2655 154 2719 lationem
177 2657 261 2741 legis
288 2654 445 2726 curiatae,
476 2674 539 2733 qua
559 2674 576 2715 e
598 2653 739 2735 patriciis
765 2655 807 2715 ad
832 2654 957 2735 plebem
985 2653 1121 2719 Clodius
1149 2651 1330 2728 transierat,

39 2748 190 2823 criminans,
222 2750 312 2832 quod
333 2769 375 2810 ex
393 2744 536 2809 instituto
558 2746 709 2808 maiorum
727 2768 786 2830 per
808 2748 1021 2811 triuuudinum
1042 2750 1247 2834 promulgata
1268 2769 1334 2811 uon

39 2840 137 2917 luisset,
160 2863 286 2906 omnem
310 2840 378 2904 eius
399 2838 613 2912 tribunatum,
637 2838 669 2901 in
691 2861 757 2923 quo
780 2841 871 2905 etiam
893 2845 932 2906 tle
953 2845 1049 2906 durno
1068 2842 1235 2907 Ciceronis
1254 2865 1334 2908 con·

39 2931 167 3011 stituerat,
189 2932 327 3011 euertit,
351 2934 508 2999 affirmans
532 2933 613 2996 nibil
630 2938 668 2996 ab
687 2956 726 2998 eo
744 2938 872 3000 tribuno
890 2937 977 3018 pleb.
998 2937 1067 3000 iure
1084 2937 1155 3001 lieri
1178 2939 1332 3021 potuisse,

40 3029 76 3110 qui
95 3030 155 3111 ipse
180 3042 296 3094 contra
317 3049 410 3091 omne
431 3029 479 3090 ius
502 3028 644 3110 plebeius
665 3029 769 3092 factus
794 3042 888 3094 essct.
931 3032 1042 3114 Atque
1062 3031 1104 3094 ita
1127 3031 1333 3114 pontificibus

40 3123 180 3201 persuasit,
209 3137 244 3186 ut
266 3122 328 3185 sibi
350 3143 475 3195 aream,
505 3143 587 3206 quae
609 3123 650 3183 ab
671 3122 755 3185 omni
777 3123 934 3208 religione
956 3145 1056 3188 vantra
1079 3135 1110 3187 et
1131 3147 1212 3207 pura
1236 3139 1330 3204 esset,

12 3218 14 3327 y
39 3215 220 3281 restituerent.
266 3217 432 3279 Hactenus
455 3214 535 3279 Dio.
580 3214 695 3301 Itaque
717 3216 834 3281 Cicero
860 3216 891 3280 in
915 3216 1065 3283 Pisonem
1091 3240 1163 3302 cap.
1186 3220 1240 3284 22.
1267 3221 1331 3285 ait:

12 3332 14 3419 y
40 3310 376 3397 inconsequentem
400 3309 518 3373 dielnice
542 3308 579 3372 in
597 3331 638 3372 ea
661 3310 738 3392 ipsa
762 3312 884 3387 domo,
912 3333 982 3397 qna
998 3323 1038 3374 tu
1057 3335 1110 3376 me
1131 3316 1332 3395 reputer-nr,

40 3420 116 3483 quem
134 3406 330 3488 carpitanae,
352 3424 456 3488 quam
477 3403 696 3479 incenderes,
717 3406 922 3488 pontifices,
945 3409 1119 3481 consules,
1142 3410 1184 3472 P.
1202 3411 1240 3474 C.
1263 3411 1333 3471 col-

40 3495 202 3562 tennerunt
227 3498 380 3581 miliique
404 3496 497 3580 quod
522 3509 601 3559 nnte
630 3518 683 3559 me
712 3499 839 3560 nemini
864 3498 1013 3581 pecnnia
1037 3499 1180 3583 publica
1205 3500 1333 3580 aedifi·

12 3668 14 3675 .
40 3590 154 3655 mnam
174 3592 316 3655 domurn
337 3602 555 3652 censuerunt.
590 3590 627 3655 In
650 3613 743 3674 quem
765 3591 870 3656 locum
887 3594 1045 3656 Asconius
1069 3594 1235 3679 legendus.
1272 3597 1333 3658 Su·

12 3678 14 3761 f
40 3682 168 3759 perficiem
187 3682 312 3749 aedium
335 3682 483 3747 eonsules
506 3686 544 3746 de
569 3684 692 3747 consilii
718 3685 871 3749 sententia
895 3685 1098 3750 aestimarunt
1120 3690 1194 3754 HS.
1220 3690 1331 3766 vicies,

41 3776 217 3842 'insulanam
247 3779 351 3842 villam
375 3783 447 3846 Hs.
477 3778 658 3865 quingentis
688 3777 827 3854 milibus,
857 3779 1062 3843 Formianum
1091 3782 1164 3845 Hs.
1191 3784 1331 3846 dumentis

12 3860 14 3963 ᾗ
41 3868 235 3957 quinquaginta
266 3873 408 3947 milibus3
433 3873 535 3959 epist.
559 3873 602 3951 2.
623 3870 678 3932 lib.
700 3872 767 3935 IV.
798 3874 837 3935 ad
857 3874 927 3937 Att.
972 3874 1095 3937 Eodem
1118 3896 1201 3940 auno
1222 3877 1332 3939 Ptole-

12 3980 14 4039 ρ
42 3983 121 4029 natm
138 3968 268 4030 Auletes
291 3989 350 4030 rex
373 3966 533 4051 Aegypti,
565 3988 653 4041 cunr,
683 3965 806 4051 ingenti
827 3967 959 4049 pecrtuia
982 3981 1187 4057 eonsrrmpta,
1219 3981 1252 4031 ut
1273 3992 1332 4034 rex

12 4068 14 4139 ζ
41 4064 111 4139 utque
127 4060 231 4124 socius
250 4061 364 4144 populi
382 4058 481 4124 Rom.
501 4060 735 4142 appellaretur,
761 4082 827 4122 earu
849 4061 879 4123 vi
903 4065 943 4125 ab
962 4061 1133 4147 Aegyptiis
1157 4074 1331 4149 extorque·

42 4158 78 4211 'tl
97 4162 126 4223 tt
150 4176 217 4219 cum
243 4157 305 4218 hoc
331 4155 475 4229 nomine,
508 4166 572 4216 tum
594 4158 680 4236 quoul
707 4154 849 4236 Cyprum
877 4178 895 4218 a
919 4158 1072 4222 Romanis
1101 4171 1248 4239 repetere
1276 4173 1331 4222 aut

42 4240 174 4315 indum
199 4249 244 4312 eis
268 4247 449 4311 renuntiare
475 4247 590 4315 nollet,
629 4251 712 4330 apml
744 4271 819 4311 suos
852 4251 1053 4314 offendisset:
1092 4269 1195 4335 regno
1220 4254 1329 4334 pulsus

41 4331 147 4403 Ilum
172 4341 259 4404 venit
288 4343 330 4406 P.
354 4341 496 4405 Lentulo
525 4341 618 4403 etiam
650 4355 715 4404 tum
743 4345 891 4420 consule,
926 4343 978 4408 cui
1005 4343 1118 4408 Cilicia
1147 4345 1326 4430 obtigerat,

12 4492 14 4503 ,
41 4432 140 4510 tlh,
162 4435 245 4498 utin
265 4457 395 4519 regnum
413 4433 645 4497 restitueretur.
681 4436 836 4521 Aegyptii
853 4459 983 4523 quoque
999 4439 1143 4523 legatos,
1169 4439 1223 4522 qui
1242 4440 1330 4524 regis

43 4518 143 4591 emtas
169 4541 363 4614 purgarent,
395 4528 561 4603 miserunt;
591 4533 629 4592 de
657 4529 772 4615 quibus
799 4531 863 4596 Die
889 4534 1060 4596 XXXIX.
1089 4545 1121 4595 ct
1146 4531 1263 4596 Cicero
1292 4536 1330 4596 de

44 4610 144 4703 Imp
162 4643 310 4705 respons.
332 4642 404 4703 cap.
429 4622 481 4685 16.
526 4622 613 4684 Ante
637 4625 715 4687 diem
736 4625 861 4689 tertium
887 4627 974 4689 Nou.
999 4628 1179 4690 Novembr.
1206 4629 1330 4710 expulsi

43 4704 141 4809 luunt
155 4714 237 4780 labri
253 4720 291 4779 de
311 4737 384 4779 area
405 4714 585 4781 Ciceronis.
624 4717 734 4797 Quinti
750 4720 860 4783 fratris
879 4723 990 4784 domus
1009 4720 1115 4801 primo
1132 4721 1233 4784 fracta
1253 4743 1333 4784 con·

44 4815 107 4903 tuctu
124 4808 254 4892 lapidum
277 4832 318 4875 ex
342 4831 415 4875 area
434 4809 560 4886 Marci,
584 4811 693 4874 deiude
712 4813 902 4876 inflammata
925 4813 1014 4876 iussu
1036 4812 1161 4889 clodiir
1185 4816 1278 4897 epist.
1298 4815 1331 4879 3.

12 4920 14 5001 y
46 4891 159 4968 lulli.
179 4907 218 4969 aul
240 4907 312 4970 Att.
355 4906 446 4977 Haec
470 4917 517 4968 est
543 4904 589 4968 uis
614 4905 668 4969 illa
691 4906 831 4984 melaria,
860 4927 922 4992 qua
949 4928 982 4971 sc
1006 4929 1078 4970 cum
1107 4908 1206 4972 fratre
1236 4911 1332 4973 domo
