3348 5584
318 382 379 446 iis
582 376 928 444 Memonnnlcla
949 375 1099 440 VITAE
1123 371 1374 439 CICERONIS
1487 400 1496 415 κ

427 770 521 827 Ὗ
535 853 732 919 sententiam
764 854 904 940 rogatus
932 871 974 916 ea
1006 850 1109 931 dixit,
1139 867 1223 935 quae
1251 847 1445 953 compiepus
1470 847 1521 910 est

537 944 734 1033 Philippico
763 950 880 1011 tortio.
931 943 1069 1012 Censuit
1099 946 1209 1009 antem
1237 960 1293 1006 res
1328 958 1403 1026 eas,
1438 957 1522 1024 quas

534 1035 660 1107 Caesar
680 1038 876 1105 adolescens
892 1040 1039 1128 egisset,
1061 1038 1194 1122 publiea
1218 1036 1418 1101 auctoritate
1436 1050 1521 1097 eon-

535 1133 727 1222 iirmandas,
758 1134 925 1223 legiones,
961 1150 1046 1219 quae
1072 1131 1255 1196 Antonium
1285 1126 1520 1208 deseruissent,

535 1227 735 1316 laudandas,
756 1229 839 1294 Dec.
862 1228 1022 1305 Brutum,
1054 1227 1164 1311 quise
1183 1223 1333 1288 Antonio
1356 1225 1390 1286 in
1411 1221 1542 1288 Gallia'

535 1322 729 1409 obiecisset,
769 1320 961 1386 ornandum.
1014 1316 1105 1386 scio
1141 1321 1176 1383 in
1209 1317 1297 1384 hauc
1323 1317 1521 1382 sententiam

535 1415 625 1480 lacto
644 1410 762 1482 Cicero
783 1418 817 1479 in
839 1417 1029 1484 concinnem
1055 1411 1237 1498 productus
1265 1412 1404 1496 poprdo,
1437 1427 1521 1494 quae

419 1602 426 1664 Ι
534 1512 612 1574 acta
631 1512 665 1574 et
684 1507 820 1576 decreta
841 1511 973 1589 essent,
994 1510 1150 1592 exposuit
1168 1504 1368 1593 Philippica
1383 1504 1521 1592 pumma

331 1668 407 1738 711
448 1670 502 1741 43
537 1663 633 1731 Coss.
676 1671 711 1733 0.
738 1664 858 1730 Vibius
879 1666 1011 1739 Pansa,
1039 1665 1083 1726 Α.
1106 1662 1256 1743 Hir-iius.
1557 1662 1603 1733 64

576 1790 651 1857 Kal.
664 1792 827 1856 {attuariis
839 1792 995 1855 consules
1007 1790 1208 1855 rettulemmt
1224 1789 1266 1855 de
1282 1789 1448 1874 Antonio,
1470 1786 1525 1871 qui

483 1952 485 1955 ,
536 1885 674 1949 Brutum
696 1885 850 1949 Mutinae
872 1883 1143 1950 circumsedebat.
1185 1878 1331 1967 Cumque
1349 1881 1429 1946 Piso
1447 1880 1525 1945 alii-

536 1997 599 2065 que
614 1977 800 2067 legatosad
818 1977 1000 2042 Antonium
1018 1975 1197 2043 mittendus
1213 1977 1439 2061 censuissent,
1461 1972 1526 2038 iia-

536 2073 606 2138 buit
621 2069 740 2139 Cicero
752 2069 988 2156 Philippicom
1009 2077 1175 2160 prunetum,
1199 2073 1309 2155 inqua
1322 2071 1525 2158 legationem

534 2169 631 2233 istam
648 2170 832 2232 utsenatus
843 2170 878 2231 et
890 2166 1002 2249 popuii
1014 2164 1155 2230 Romam
1166 2167 1338 2230 maiestate
1356 2162 1527 2252 indignam

533 2262 690 2327 dissuasit
713 2263 768 2341 et,
801 2262 838 2323 ut
861 2258 967 2323 hostis
994 2258 1198 2324 iudicaretur
1220 2257 1406 2347 Antonius,
1427 2260 1526 2321 iucu-

535 2357 614 2422 buit.
655 2353 768 2419 Pridie
786 2356 895 2418 tamen
917 2353 1002 2418 Non.
1024 2354 1094 2419 lau.
1113 2353 1236 2419 iactum
1257 2356 1308 2417 est
1327 2349 1465 2430 Sciam,
1490 2354 1526 2415 ut

535 2445 610 2515 Ser.
631 2444 823 2534 Sulpicius,
845 2448 882 2511 lt.
898 2445 977 2511 Piso
998 2451 1031 2512 ei
1046 2448 1083 2512 lu.
1099 2447 1274 2532 Phiiippus
1290 2466 1362 2513 cum
1386 2444 1527 2510 manda-

535 2546 579 2608 tis
594 2542 637 2608 ad
654 2543 837 2608 Antonium
853 2539 1143 2624 proficiscerentur
1163 2543 1259 2626 eique
1281 2540 1527 2621 denuntiarent,

489 2678 492 2687 ι
537 2654 578 2701 ue
599 2635 640 2700 Il.
655 2636 793 2701 Brutum
813 2639 1039 2722 oppugnaret,
1061 2654 1103 2701 ne
1126 2632 1278 2699 delectus
1304 2634 1459 2720 haberei3
1494 2635 1528 2698 et

536 2733 573 2794 ut
586 2731 676 2794 essct
689 2730 723 2792 in
736 2723 772 2794 S.
789 2728 827 2792 P.
844 2726 884 2808 t).
897 2727 938 2791 n.
952 2732 1133 2812 potestate.
1176 2727 1226 2792 lle
1239 2747 1279 2792 eu
1292 2725 1385 2795 scio
1397 2724 1527 2809 Cicero,

536 2824 570 2886 in
591 2823 784 2887 concionem
803 2820 985 2906 productus
996 2825 1039 2889 ab
1054 2823 1222 2906 Appuleio
1240 2824 1381 2911 irrupi,
1402 2821 1445 2887 ad
1461 2841 1528 2906 po-

536 2917 647 3001 pulum
671 2916 800 2981 rettulit
826 2910 1027 3002 Pictiippico
1055 2920 1170 2982 semia.
1213 2915 1332 2982 Paullo
1352 2919 1431 3000 post
1453 2935 1528 2982 eum

393 3020 400 3035 ·
535 3008 650 3075 Pansa
671 3010 786 3076 consul
810 3013 961 3074 senatum
983 3010 1025 3076 de
1042 3010 1157 3099 Appia
1182 3011 1238 3075 via
1256 3013 1289 3074 ei
1313 3008 1354 3074 de
1374 3008 1528 3091 Moneta,

535 3125 621 3171 uuus
633 3108 744 3170 alitem
757 3105 831 3170 trilr.
854 3105 897 3189 pl.
916 3103 958 3172 de
973 3105 1136 3190 Lupercis
1148 3105 1387 3186 consuluisset,
1407 3098 1527 3169 (tieero

535 3200 570 3263 ln
605 3199 773 3264 sententia
805 3196 946 3263 dicenda
987 3217 1146 3287 egressus
1179 3202 1232 3263 est
1264 3199 1459 3263 relationem
1494 3199 1527 3262 et
1566 3212 1575 3231 ·

539 3284 762 3380 (Philippica
780 3286 953 3380 septimo)
977 3311 1092 3378 pacem
1112 3310 1185 3357 cum
1196 3293 1347 3358 Antonio
1359 3292 1527 3378 dissuasit,

539 3388 616 3472 quia
627 3384 735 3471 turpis
746 3391 851 3473 esset,
873 3390 949 3472 quia
963 3388 1167 3470 periculosa,
1190 3389 1265 3473 quia
1277 3404 1352 3452 esse
1366 3406 1432 3451 non
1444 3404 1528 3470 pos-

537 3482 600 3544 set.
653 3480 774 3568 Legati
803 3482 845 3546 ab
869 3478 1021 3545 Antonio
1054 3472 1213 3565 (praeter
1236 3477 1311 3547 Sor.
1334 3475 1528 3564 Sulpicium,

537 3575 593 3657 qui
606 3575 640 3637 ln
656 3575 825 3663 legatione
844 3565 996 3654 obierat]
1014 3576 1107 3639 initio
1131 3575 1229 3641 Febr.
1246 3574 1384 3643 Romam
1397 3574 1527 3640 reversi

537 3667 759 3734 intolerabilia
779 3668 917 3733 Antonii
935 3669 1105 3752 postulata
1128 3670 1338 3735 rettulerunt.
1381 3664 1529 3734 Senatus

537 3760 708 3825 tumultum
743 3760 985 3828 decernendum
1018 3763 1164 3845 censuit,
1203 3782 1276 3828 eum
1301 3762 1379 3828 belli
1408 3778 1528 3826 nomen

539 3842 706 3920 nonnullis
728 3854 816 3921 haud
833 3857 1029 3941 placuisset,
1062 3854 1150 3942 quod
1175 3851 1294 3923 ilicem
1321 3854 1527 3922 leonillam.

538 3943 738 4034 Pidippicu
760 3955 884 4017 octavu
906 3949 1121 4034 reprehendit
1150 3950 1344 4035 Fufiumque
1369 3946 1526 4018 Calenum

539 4038 581 4105 de
599 4060 684 4126 pace
708 4045 863 4131 agentem
888 4045 1036 4130 aliosque
1059 4044 1208 4109 Antonio
1235 4045 1391 4110 faventes
1412 4044 1527 4109 obiur-

519 4136 645 4223 *gavit
692 4134 868 4201 Postridie
891 4157 965 4205 curn
1001 4137 1043 4203 de
1062 4138 1212 4203 ornando
1231 4135 1305 4205 Ser.
1321 4133 1472 4225 Sulpicio
1494 4140 1527 4201 ln

540 4230 661 4292 senatu
686 4233 858 4317 ageretur,
880 4225 998 4298 Cicero
1019 4235 1161 4297 statuam
1185 4233 1372 4317 pedestrem
1391 4250 1526 4298 aeneam

540 4322 575 4385 in
602 4320 737 4387 Rostris
761 4325 793 4388 ei
819 4325 1005 4409 ponendam
1034 4329 1165 4392 censuit
1192 4325 1392 4414 Philippico
1422 4344 1526 4393 imita.

540 4413 666 4481 Postea
687 4436 761 4484 cum
783 4416 895 4485 Pansa
916 4440 984 4486 eos.
1009 4416 1059 4486 Μ.
1083 4421 1179 4486 Bruti
1208 4413 1258 4503 (s
1287 4419 1327 4502 Q.
1350 4416 1528 4507 Caepionis

541 4499 660 4589 Bruti]
680 4511 811 4577 litteras
834 4514 964 4597 publice
985 4515 1103 4579 mlssas
1126 4514 1167 4578 de
1189 4514 1289 4580 rebus
1307 4516 1341 4578 ln
1361 4511 1529 4580 Macedo-

541 4604 598 4667 nia
611 4603 755 4676 feliciter
777 4609 887 4693 gestis
905 4609 1082 4676 recitasset
1111 4625 1249 4693 eumque
1278 4604 1318 4689 0.
1334 4608 1448 4674 Folius
1459 4603 1528 4676 Ca-

541 4696 637 4764 lenus
650 4703 900 4790 oppugnasset,
922 4697 1041 4768 Cicero
1057 4697 1258 4791 Philippico
1278 4703 1412 4769 decima
1427 4699 1528 4771 Cale-

542 4813 618 4860 num
638 4787 805 4861 =reluturlt
832 4798 866 4858 et
885 4790 926 4877 θ.
942 4792 1124 4862 HortensIo
1148 4794 1371 4863 Macedoniae
1389 4816 1529 4884 procos,

542 4889 597 4976 qui
611 4886 751 4956 Brutum
761 4889 796 4955 in
812 4887 1035 4975 comparando
1049 4890 1200 4958 exercitu
1218 4888 1414 4981 adiuverat,
1434 4890 1530 4957 huius
