3348 5584
320 377 380 441 126

338 595 411 645 Auci
444 596 515 647 Ante

337 667 371 721 U.
379 668 412 724 C.
440 671 471 723 C.
483 671 517 725 N.

579 374 925 443 MEMORABILIA
949 376 1097 440 VITAE
1121 374 1378 441 CICERONIS

507 832 511 844 ⁸
540 849 633 915 libris
651 847 836 915 scribendis
856 850 960 916 lenire
978 847 1127 918 studet¹
1170 845 1315 935 Scripsit
1331 852 1435 938 igliur
1453 847 1488 913 a.
1501 866 1530 912 a.

335 1916 415 1985 710
453 1918 507 1985 44

544 938 828 1009 [immolationem
849 964 875 1007 s
897 945 1015 1010 librum
1031 944 1073 1010 de
1094 946 1188 1010 luctu
1203 944 1401 1031 minuendo,
1427 943 1532 1009 libros

539 1036 582 1101 dc
621 1035 750 1121 finitam
783 1038 952 1121 'bosionem
985 1045 1021 1104 et
1055 1039 1248 1127 maiorum,
1297 1034 1530 1103 Academicos

539 1134 768 1218 quaesiimus.
811 1131 967 1211 Animum
985 1134 1084 1197 etiam
1102 1132 1224 1198 adiecit
1241 1133 1327 1199 libro
1343 1130 1388 1197 ad
1400 1126 1531 1197 Caesa-

538 1242 606 1289 rem
628 1222 670 1288 de
685 1242 723 1289 rc
739 1225 828 1309 publ.
848 1225 1032 1294 ordinanda
1053 1227 1240 1294 scribendo.
1282 1228 1404 1293 Mense
1418 1226 1530 1311 Aprili

538 1316 636 1381 filium
669 1337 763 1383 suum
797 1318 982 1386 studiorum
1012 1341 1113 1388 causa
1150 1320 1307 1387 Athenas
1338 1321 1456 1405 mittit3
1497 1322 1529 1383 ei

538 1413 650 1498 paullo
669 1415 747 1497 post
772 1413 902 1480 Astrua
917 1414 1058 1481 discedit
1077 1417 1289 1500 reliquosque
1303 1431 1435 1478 menses
1449 1430 1532 1496 par-

539 1508 594 1570 tim
618 1509 651 1570 ln
671 1505 882 1594 Tusculano,
910 1511 1029 1592 partim
1051 1512 1085 1574 tn
1104 1509 1272 1595 Arpinati·
1285 1510 1424 1593 aliisque
1442 1506 1531 1570 viliis

539 1602 714 1690 transigit3
747 1620 860 1669 merrse
883 1598 1021 1669 Octobri
1039 1603 1177 1669 Romam
1190 1622 1228 1668 sc
1246 1603 1396 1686 contert3
1418 1617 1531 1665 mense

539 1697 648 1761 nutem
667 1693 844 1761 Decembri
865 1696 899 1761 in
915 1694 1152 1783 Puteolanum,
1184 1697 1240 1763 ubi
1257 1695 1339 1761 Xll.
1360 1695 1437 1760 Kal.
1460 1693 1531 1759 lan.

539 1782 717 1855 Caesarem
735 1789 871 1874 eiusque
893 1791 1031 1855 comites
1053 1789 1198 1875 bospitio
1217 1791 1358 1874 accepit.

540 1910 639 1977 Coss.
685 1916 721 1978 C.
744 1913 857 1980 Icilius
880 1913 1005 1977 Caesar
1030 1918 1087 1990 V.,
1110 1918 1166 1980 M.
1190 1915 1376 1980 Antonias.

580 2028 699 2094 Primis
715 2033 793 2095 anni
816 2031 982 2097 mensibus
1003 2028 1121 2098 Cicero
1140 2033 1286 2099 absolvit
1312 2032 1532 2098 i'usmetonoa

540 2122 806 2210 disputationes.

582 2227 704 2294 Caesar
741 2232 853 2295 Idibus
883 2233 1014 2296 ll'lartiis
1044 2233 1074 2296 ia
1109 2233 1195 2296 curia
1226 2256 1243 2295 a
1278 2232 1454 2298 coniuratis
1478 2236 1530 2298 M.

541 2323 665 2400 Burrio,
700 2322 744 2389 C·
768 2323 883 2390 Cassio
908 2326 1041 2412 aliisque
1062 2327 1263 2391 interficitur.
1308 2326 1477 2391 Coniurati
1500 2350 1532 2390 se

540 2416 695 2500 recipiunt
725 2418 755 2480 in
780 2417 990 2501 Capitolium.
1049 2420 1219 2485 Dolabella
1249 2421 1281 2484 in
1312 2418 1462 2485 Caesaris
1484 2423 1533 2485 lo·
1665 2490 1666 2501 2

469 2516 472 2521 ’
539 2533 609 2574 cum
632 2533 702 2576 cos.
722 2512 893 2575 sufficitur.

582 2603 713 2696 cicera
732 2627 827 2694 XVI.
855 2629 932 2695 Kal.
950 2592 1039 2717 apr.
1066 2633 1101 2697 in
1128 2631 1211 2698 aede
1243 2632 1387 2699 Telluris
1416 2652 1532 2719 pacem
1665 2652 1666 2679 ³

1554 596 1615 647 Auni

1560 672 1612 722 cie.

1565 1910 1608 1981 oa

540 2722 659 2788 suadet
692 2728 726 2789 et
758 2722 996 2789 discordiarum
1018 2729 1204 2793 memoriam
1228 2727 1395 2793 oblivione
1414 2725 1533 2791 delen·
1582 2730 1585 2739 ⁴

540 2815 614 2881 dam
628 2820 754 2883 censet.
795 2816 946 2883 Antonio
966 2817 1051 2883 idem
1070 2837 1107 2883 se
1124 2820 1213 2885 velle
1232 2821 1423 2907 simularie,
1446 2816 1535 2886 Cae-

540 2912 625 2976 saris
649 2911 884 2976 interfectores
906 2908 1072 2996 Capitolio
1097 2910 1322 2999 deseenduut3
1349 2912 1399 2979 M.
1428 2912 1534 2978 Bruto

540 3000 656 3093 Creta,
678 3002 795 3071 Cassio
810 3004 941 3091 Atrtea,
963 3005 1129 3072 Trebonio
1143 3006 1238 3094 Asia,
1260 3004 1391 3074 Cimbro
1410 3006 1534 3094 Bithy-

481 3108 486 3117 ·
540 3100 609 3181 nia,
631 3099 672 3164 Ii.
688 3098 794 3163 Bruto
817 3098 927 3165 Gallia
944 3102 1079 3165 citerior
1097 3098 1296 3165 decernitur.
1329 3098 1533 3167 Caesarau-

540 3196 605 3257 tem
635 3211 710 3261 cum
738 3193 858 3257 funere
878 3193 987 3257 elatus
1011 3196 1046 3258 et
1068 3193 1111 3256 ab
1130 3191 1282 3257 Antonio
1299 3193 1455 3258 laudatus
1476 3211 1533 3258 es-

539 3289 608 3372 set,
639 3287 766 3352 Brutus
791 3294 826 3353 et
850 3284 1030 3353 Cassiusa
1056 3286 1164 3370 plebis
1189 3288 1241 3352 ira
1262 3288 1324 3351 sibl
1348 3291 1533 3352 metuentes

539 3378 663 3449 Urbem
684 3382 875 3466 relinquunt
896 3385 930 3446 et
951 3378 1048 3445 Auiti
1070 3385 1105 3443 et
1121 3379 1265 3445 Lanuvii
1281 3383 1532 3446 commorantur.

540 3473 711 3541 Antonius
731 3476 861 3540 ltaliam
891 3476 1076 3561 percursat.
1118 3470 1237 3539 Cicero
1257 3474 1357 3539 villas
1376 3491 1458 3537 suas
1479 3473 1533 3537 lu-

540 3566 646 3653 strat3
678 3569 859 3653 scribitque
881 3569 985 3637 libros
1006 3568 1050 3633 de
1074 3571 1206 3633 centauro
1219 3567 1379 3656 deornm,
1412 3567 1455 3632 dc
1477 3567 1532 3632 di·

541 3663 719 3729 strictione
731 3711 742 3751 ‚
776 3663 818 3725 dc
841 3660 937 3748 suto,
960 3660 1203 3750 deamicitia,
1233 3664 1276 3729 de
1300 3665 1478 3727 serectute
1500 3661 1532 3723 et

541 3752 584 3818 dc
610 3755 732 3840 clorio.
794 3752 971 3819 Dolabella
1007 3754 1190 3821 columnam
1221 3758 1255 3820 in
1287 3757 1362 3821 toro
1388 3773 1410 3820 a
1435 3754 1531 3841 plebe

540 3842 676 3915 Caesari
698 3850 857 3913 statutam
881 3847 1004 3913 evertit
1037 3847 1249 3934 hominesque
1281 3850 1462 3915 seditiosos
1478 3848 1531 3913 ul·

540 3943 627 4007 armis
654 3943 825 4027 suppetens
850 3940 963 4009 aaron.
1006 3925 1042 4007 d.
1068 3938 1245 4029 octavus,
1277 3942 1376 4009 aeres
1403 3939 1531 4011 caas-

540 4036 596 4121 rts,
617 4032 800 4118 Apollonia
812 4034 986 4119 Neapolim
998 4036 1092 4099 venii
1105 4034 1198 4100 XIV.
1211 4034 1287 4100 Kal.
1303 4036 1426 4103 Maias.
1457 4035 1530 4101 Kn-

540 4128 648 4194 lendis
665 4129 770 4193 lunis
791 4134 967 4195 senatores
985 4148 1058 4197 cum
1081 4129 1115 4192 in
1139 4133 1274 4216 serrata,
1304 4133 1340 4193 ut
1364 4128 1531 4195 Antonim

540 4222 707 4309 edixerat,
729 4223 849 4289 adesse
860 4224 1003 4309 vellent,
1025 4240 1188 4288 armorum
1210 4224 1378 4288 eiusmeiu
1398 4227 1530 4307 perier·

540 4320 594 4383 riti
615 4318 801 4407 diffugiunt.
843 4310 961 4383 Cicero
983 4316 1083 4381 utilas
1105 4316 1174 4381 obit
1204 4320 1237 4381 et
1261 4316 1363 4381 libros
1387 4316 1430 4381 de
1449 4313 1529 4401 offi-
1632 4310 1636 4319 '

540 4417 602 4478 ciis
623 4413 770 4479 scribere
786 4406 993 4499 aggreditur.
1035 4408 1081 4473 ut
1107 4429 1178 4478 eum
1205 4408 1344 4474 baberet
1362 4411 1414 4473 ius
1433 4409 1529 4499 lega·

541 4507 641 4569 tionis
668 4503 808 4592 liberae,
842 4502 1013 4571 eonsilium
1032 4503 1121 4587 cepit
1142 4504 1176 4565 in
1197 4500 1370 4568 Graeciam
1397 4501 1530 4587 protici-

540 4597 665 4665 scendl.
707 4599 826 4681 Itaque
847 4593 928 4658 ΧΠ.
951 4593 1028 4659 Kal.
1046 4590 1166 4661 Sexitl.
1187 4593 1285 4659 Velia
1308 4594 1527 4681 proficiscens,

541 4684 618 4772 (ubi
642 4693 675 4756 in
691 4694 766 4777 ipsa
779 4688 994 4776 nauigatione
1016 4687 1148 4774 Topica
1167 4686 1211 4753 ad
1237 4686 1428 4753 Trebatium
1445 4689 1528 4754 scri-

541 4779 631 4871 psit)
649 4786 814 4875 Rhegium
835 4786 869 4848 et
892 4780 969 4847 Kal.
986 4777 1082 4847 Sext.
1093 4776 1283 4868 Syracusas
1302 4785 1405 4848 versit.
1447 4779 1526 4847 lade

1366 4879 1526 4897 ψ

581 4930 609 4997 l)
627 4923 712 4986 Tuae.
728 4923 775 4977 lit.
788 4923 834 4979 29.
849 4917 882 4975 ad
895 4918 955 4985 bn.
969 4917 1033 4974 xil.
1049 4920 1094 4974 15.
1107 4933 1134 4972 et
1147 4920 1194 4978 36.
