3322 5578
292 372 333 434 ts
699 371 752 434 Μ.
777 368 940 433 TULLII
965 367 1215 435 CICERONIS

292 509 428 575 Galliam
452 509 612 575 Antonius
635 500 704 573 erat
723 510 870 574 sortitus.
916 509 1126 580 Commutatis
1148 511 1259 593 deinde
1282 509 1475 594 provinciis,
1498 512 1599 581 Cicero

290 627 353 688 pro
376 606 427 668 illa
451 608 532 669 hanc
552 603 675 687 recepit
700 615 925 687 acceptamque
955 603 986 667 iu
1017 606 1172 669 concione
1202 606 1361 689 deposuit.
1406 606 1488 670 Hinc
1508 608 1534 670 in
1555 609 1601 672 Pi·

291 720 399 763 sonem
424 722 454 763 c.
480 699 511 762 2.
557 701 654 781 Ego,
686 697 806 783 iuquit,
831 699 1048 781 prouinciam
1070 700 1220 764 Galliam
1249 712 1390 764 senatus
1417 702 1602 764 auctoritate

290 795 446 856 exercitu
470 801 505 858 et
533 794 683 872 pecnnia
713 795 914 856 instructam
941 805 973 859 et
1002 803 1161 858 ornatam
1191 805 1224 859 et
1252 816 1359 878 quom
1380 814 1459 857 eam
1478 792 1602 857 Antonio

293 885 550 946 communicavi
569 878 806 966 [commutavi
825 883 966 947 lortassc
987 885 1123 959 rectius,
1141 882 1175 963 ¹]
1198 886 1294 968 quod
1315 888 1365 947 ita
1386 884 1604 951 existimabam

290 985 446 1055 tempora
456 974 507 1036 rei
515 974 789 1054 publieaeserre‚
808 979 842 1038 in
855 981 1020 1042 concione
1032 978 1183 1059 deposui,
1201 978 1411 1040 reclamante
1421 976 1548 1057 populo
1556 974 1605 1036 llo

260 1072 262 1076 ’
290 1086 404 1131 mano.
447 1063 580 1129 Interim
608 1068 650 1130 1..
679 1068 811 1151 Sergius
837 1060 1084 1133 Catilina'arma
1106 1089 1164 1150 per
1187 1068 1309 1130 ltaliam
1333 1067 1414 1131 locis
1433 1064 1606 1149 opportunis

290 1158 443 1238 parabat,
473 1159 639 1240 pecuniam
667 1183 722 1224 sua
749 1174 802 1224 aut
833 1162 1008 1227 amicornm
1034 1162 1096 1225 lide
1118 1174 1275 1244 sumptam
1305 1174 1444 1224 nuuuam
1475 1160 1606 1224 Faesulas

291 1253 331 1312 ad
354 1250 395 1317 C.
416 1251 564 1317 Mallium
586 1255 806 1320 centurionem
828 1259 992 1340 portabat.
1045 1256 1193 1340 Denique
1216 1257 1373 1340 plurimos
1391 1256 1539 1337 turiusque
1563 1274 1609 1338 ge·
1646 1266 1647 1305 ὲ

290 1345 375 1410 neris
399 1346 542 1411 homines
565 1348 762 1413 adsciscebat
788 1361 820 1413 ct
839 1352 871 1413 in
898 1352 1079 1434 proximum
1106 1373 1221 1415 anuum
1251 1352 1451 1415 consulatum
1476 1350 1607 1432 petebat,
1646 1360 1647 1367 ’

290 1452 328 1505 ιιι
353 1441 510 1507 Salustius
531 1466 604 1527 cap.
628 1446 681 1507 24.
705 1457 737 1515 et
763 1446 815 1510 26.
841 1446 967 1509 scribit.
1019 1447 1100 1512 Cnm
1128 1445 1249 1521 amnia,
1275 1456 1309 1508 ut
1339 1444 1454 1509 consul
1481 1441 1610 1526 designa·

289 1547 399 1611 rehu,
436 1536 571 1602 Catilina
604 1539 771 1603 moliretur
797 1539 936 1625 nihilque
968 1542 1155 1606 intentatum
1183 1540 1400 1624 relinqueret,
1434 1538 1488 1601 M.
1515 1534 1610 1598 Tullio

290 1630 453 1696 referente
474 1633 594 1715 placrrit
619 1635 760 1710 senatui,
786 1647 820 1698 ιιι
846 1636 883 1697 ad
908 1656 1062 1718 poenam,
1087 1656 1168 1718 quae
1196 1635 1330 1697 ambitus
1359 1631 1486 1696 crimini
1512 1627 1614 1694 consti·

290 1736 359 1789 tnta
388 1739 474 1803 crat,
506 1730 613 1791 decem
643 1750 797 1793 annorum
830 1727 974 1793 exsilium
1005 1729 1075 1814 lege
1102 1732 1140 1790 ad
1167 1729 1321 1811 populum
1350 1728 1414 1790 lata
1441 1728 1613 1793 addercttu3
1646 1764 1647 1783 ι

178 1858 184 1871 ·
290 1820 456 1884 haecDio
480 1823 678 1898 XXXVII,
704 1824 757 1887 29.
803 1824 925 1907 Legem
948 1828 986 1886 de
1009 1822 1126 1885 ambitu
1145 1845 1178 1887 sc
1198 1824 1359 1887 consulem
1385 1823 1496 1885 tulisse
1510 1818 1647 1897 Cicero3

291 1936 420 2000 quoque
448 1935 510 1997 pro
533 1915 673 1979 Murena
695 1916 863 2000 aliquoties
888 1919 990 1995 (velut
1013 1941 1083 2000 cap.
1107 1919 1155 1996 3.)
1177 1915 1357 2000 signifieat:
1383 1918 1459 1981 item
1484 1917 1514 1978 in
1536 1909 1615 1976 Vati·

291 2009 378 2072 nium
406 2031 478 2090 cap.
501 2010 554 2074 15.
599 2009 707 2093 Atque
739 2009 830 2072 illud
854 2014 957 2074 ctiam
988 2013 1108 2076 audire
1135 2031 1159 2073 a
1183 2019 1214 2074 te
1242 2014 1368 2092 cupio,
1405 2031 1516 2095 quare
1547 2025 1615 2069 cam

292 2124 359 2183 ego
381 2103 494 2186 legem
515 2102 555 2167 de
578 2101 710 2165 ambitu
732 2122 777 2175 ea·
791 2101 827 2161 S.
850 2103 881 2164 0.
903 2104 1059 2180 tulerim,
1078 2104 1149 2165 sine
1164 2103 1196 2163 vi
1209 2103 1366 2177 tulerim,
1388 2104 1496 2164 salvis
1517 2095 1618 2175 auspi

293 2195 359 2255 ciis
379 2194 537 2268 tulerim,
558 2191 657 2254 solva
672 2191 747 2272 lege
760 2188 856 2256 delia
870 2201 901 2255 et
919 2192 1040 2267 Fufia:
1059 2202 1098 2255 tu
1118 2213 1194 2257 eam
1210 2213 1279 2256 esse
1294 2193 1411 2273 legem
1425 2212 1496 2256 non
1512 2185 1618 2273 putes?
1646 2252 1647 2267 ,

292 2285 436 2348 Vetabat
457 2286 566 2347 eadem
594 2283 647 2345 lex
668 2282 813 2357 biennio,
837 2303 902 2368 qno
921 2284 993 2365 quis
1011 2293 1135 2364 peteret
1159 2284 1358 2366 petiturusre
1385 2295 1489 2359 essct,
1514 2278 1619 2366 gladia·

291 2390 378 2442 tores
406 2381 502 2457 dare,
528 2376 587 2457 nisi
614 2398 654 2439 ex
678 2387 869 2440 testamento
899 2378 1085 2460 praestituta
1120 2380 1187 2452 die;
1212 2390 1245 2440 ut
1275 2378 1396 2443 ibidem
1427 2390 1462 2442 et
1488 2399 1548 2460 pro
1572 2375 1620 2435 St·

290 2474 352 2536 stio
380 2495 453 2557 cap.
480 2474 532 2537 bl.
554 2471 610 2535 ait.
653 2469 735 2535 Cum
760 2470 915 2547 Catilina,
941 2484 975 2534 ut
1000 2472 1066 2537 Dio
1093 2472 1205 2547 tradit,
1244 2474 1326 2534 harre
1352 2473 1463 2559 legem
1498 2468 1621 2535 Tulliam

290 2577 405 2630 contra
436 2588 472 2630 se
506 2588 547 2630 ex
574 2568 613 2630 S.
647 2564 689 2630 C.
719 2566 811 2627 latam
847 2577 993 2646 putaret,
1022 2560 1145 2630 anamim
1173 2571 1329 2646 quandam
1360 2565 1567 2651 corrrparavit
1597 2568 1623 2621 tl

292 2658 487 2724 Ciceronem
513 2681 585 2722 carm
609 2658 678 2723 aliis
699 2659 858 2724 nonnullis
876 2659 1074 2742 principibus
1095 2661 1126 2722 in
1153 2683 1267 2744 carupo
1288 2662 1431 2726 cornitiis
1454 2658 1623 2725 interficere

291 2764 426 2817 conatus
449 2764 516 2829 est,
540 2764 574 2815 ιιι
591 2751 660 2835 ipse
682 2753 850 2817 confestim
874 2752 1107 2837 designaretur.
1153 2755 1266 2818 Edicta
1292 2755 1427 2827 comitia
1453 2749 1624 2821 consularia

290 2846 389 2911 luisse
418 2847 568 2911 ridentur
600 2847 631 2910 in
660 2858 731 2908 ante
762 2846 843 2909 diem
870 2848 952 2912 ΧΠ.
984 2849 1060 2912 Kal.
1088 2851 1269 2925 Novemh.,
1301 2850 1356 2934 qni
1384 2850 1574 2915 nominatur
1600 2844 1626 2906 in

292 2940 389 3011 Catil.
413 2943 444 3008 I.
464 2965 538 3027 cap.
563 2943 611 3017 3.;
634 2943 709 3018 sed,
734 2964 804 3005 cum
831 2940 935 3023 pridie
956 2942 1023 3006 cius
1039 2942 1100 3007 diei
1122 2942 1240 3009 Cicero
1261 2943 1422 3009 Catilinae
1446 2940 1581 3011 consilis
1596 2939 1629 3000 etl

182 3115 191 3131 .
291 3049 434 3102 senatum
464 3038 645 3112 detulisset,
669 3038 788 3129 lactum
814 3049 862 3099 est
885 3038 920 3100 S.
944 3036 1008 3114 C.,
1033 3059 1073 3101 ne
1095 3049 1228 3119 postero
1252 3037 1301 3101 die
1323 3039 1459 3102 comitia
1482 3039 1629 3101 haberer·

290 3145 362 3210 tur,
397 3135 502 3197 atde
534 3133 572 3196 iis
605 3135 703 3197 rebus
736 3132 767 3195 in
793 3142 901 3195 senatu
931 3130 984 3216 agi
1012 3144 1136 3215 posset.
1179 3135 1302 3215 ltaque
1321 3133 1519 3221 postridie,
1537 3126 1632 3215 inquit

293 3225 413 3291 Cicero
448 3249 509 3310 pro
543 3227 683 3290 Murena
713 3249 786 3309 cap.
819 3227 870 3289 25.
894 3224 1079 3308 frequenti
1107 3235 1228 3290 senatu
1262 3223 1459 3289 Catilinam
1489 3223 1633 3292 excitavi

292 3331 399 3405 atque
420 3342 498 3385 eam
528 3320 568 3386 de
594 3324 634 3383 iis
662 3320 760 3385 relius
790 3321 891 3394 inssi,
912 3321 953 3379 si'
974 3315 1059 3400 quid
1089 3316 1206 3392 vellet,
1227 3334 1318 3397 qnae
1343 3314 1396 3376 ad
1415 3337 1473 3380 me
1506 3317 1647 3379 allatae¹

292 3422 417 3493 essent,
439 3412 561 3476 dicere.
600 3407 708 3493 Atque
731 3411 811 3488 ille,
834 3420 871 3472 ut
894 3426 1024 3490 semper
1035 3405 1117 3486 fuit
1137 3406 1390 3487 apertissimus,
1413 3428 1488 3469 non
1507 3428 1543 3472 se
1558 3424 1633 3488 par·

292 3505 408 3583 gavit,
428 3501 488 3566 sed
508 3501 669 3564 indicavit
689 3510 792 3583 atque
816 3501 944 3563 induit:
965 3509 1037 3562 tam
1058 3501 1147 3564 euim
1167 3497 1273 3572 dixit,
1294 3494 1365 3558 duo
1393 3516 1558 3580 corpora
1574 3513 1647 3565 esse

293 3594 345 3656 rei
359 3591 543 3673 publicae,
556 3613 664 3655 unum
673 3591 781 3656 debile
794 3590 929 3666 imirmo
945 3593 1073 3671 capite,
1093 3590 1242 3652 alterum
1249 3583 1401 3661 firmum
1416 3591 1493 3654 sine
1509 3590 1637 3670 capite;

220 3734 223 3741 .
292 3683 395 3759 hnic,
422 3702 504 3745 cnm
527 3685 577 3745 ita
601 3681 642 3746 dc
663 3702 698 3747 se
717 3682 881 3745 meritum
903 3689 1003 3756 esset,
1033 3688 1140 3760 caput
1160 3698 1195 3742 se
1222 3679 1295 3740 vieo
1321 3698 1396 3741 non
1422 3679 1638 3761 defuturam·

289 3772 459 3839 Hactenus
493 3770 633 3848 Cicero;
667 3774 748 3837 idern
782 3783 831 3834 est
860 3771 942 3852 apud
976 3770 1182 3834 Plutarchum
1207 3789 1280 3851 cap.
1309 3769 1364 3832 ll.
1425 3773 1484 3837 Eo
1511 3770 1583 3847 die,
1611 3767 1641 3829 id

292 3879 361 3942 est,
386 3877 504 3932 octavo
530 3868 653 3932 decimo
683 3879 773 3942 aute,
797 3887 891 3951 quarn
915 3861 1049 3946 primam
1081 3861 1299 3928 Catilinariam
1324 3861 1456 3930 Cicero
1484 3865 1590 3941 dixit,
1611 3871 1642 3927 ut

293 3959 455 4025 Asconius
486 3961 517 4023 in
549 3962 643 4025 Orat.
676 3961 706 4024 in
740 3961 891 4025 Pisonem
924 3979 997 4040 cap.
1027 3957 1060 4020 2.
1084 3959 1166 4035 (Ed.
1197 3956 1284 4025 Bait.
1312 3978 1396 4042 pag.
1428 3962 1490 4040 6.)
1514 3958 1641 4030 scribit,

290 4056 410 4120 lactum
434 4065 481 4116 est
500 4056 536 4118 S.
559 4053 621 4128 C.,
646 4067 681 4118 ut
705 4056 849 4118 viderent
871 4051 1040 4125 eonsules,
1067 4072 1103 4113 ue
1126 4050 1203 4134 quid
1222 4070 1274 4115 res
1295 4052 1435 4133 publiea
1461 4049 1645 4120 detrimenti

111 4160 114 4165 ’
203 4234 205 4237 Υ
292 4162 440 4232 caperet:
469 4151 507 4211 dc
535 4170 601 4234 quo
629 4149 786 4214 Salustius
809 4170 881 4231 cap.
908 4147 961 4212 29.
985 4157 1019 4209 et
1039 4145 1252 4218 Plutarchus,
1281 4143 1336 4229 qui
1367 4149 1487 4226 addit,
1522 4153 1588 4215 hoc
1613 4148 1645 4208 S.

294 4244 337 4310 C.
366 4244 455 4310 iacto
486 4243 676 4310 Ciceronem
706 4267 760 4309 res
786 4253 933 4308 externas
959 4241 1004 4322 Q.
1031 4239 1168 4304 Metello
1191 4236 1300 4305 Celeri
1322 4242 1560 4321 commisisse,
1589 4238 1647 4326 ipsi

293 4340 417 4404 Urbem
439 4361 533 4404 curae
562 4339 679 4414 luisse;
703 4342 785 4403 idem
808 4338 926 4403 Cicero
954 4356 1005 4417 ep.
1033 4335 1065 4397 2.
1092 4334 1149 4399 lib.
1178 4336 1225 4396 V.
1247 4335 1287 4397 ad
1315 4334 1446 4402 Famil.
1470 4339 1647 4425 significat.

294 4430 459 4508 (lanitiis,
483 4435 572 4516 quod
597 4434 741 4497 homines
765 4434 826 4495 iam
849 4443 913 4493 tum
940 4429 1143 4500 coniuratos,
1168 4437 1203 4491 ut
1226 4448 1287 4509 pro
1311 4428 1467 4495 Murena
1494 4454 1576 4518 cap.
1598 4429 1647 4494 26.

293 4537 449 4602 testatur,
472 4525 505 4589 iu
527 4522 672 4610 campum
699 4526 809 4590 deduci
834 4526 970 4600 sciehat,
1002 4521 1163 4588 descendit
1185 4521 1217 4585 in
1243 4543 1394 4605 cenapum
1428 4549 1509 4592 cum
1535 4526 1647 4591 firmis·

293 4617 375 4683 simo
396 4620 557 4702 praesidio
575 4620 825 4686 fortissimorum
845 4619 990 4683 virorum
1009 4631 1128 4682 etcum
1150 4617 1203 4680 illa
1222 4618 1283 4679 lata
1302 4616 1504 4707 insignique
1525 4622 1647 4696 lorica,

292 4724 328 4775 ιιι
349 4733 460 4776 omnes
486 4713 564 4777 boni
585 4715 873 4779 animadverterent
887 4724 950 4793 et,
975 4735 1047 4776 crim
1073 4713 1104 4776 in
1128 4724 1212 4775 metu
1237 4723 1268 4801 et
1292 4709 1455 4794 periculo
1481 4719 1647 4783 consulem

293 4871 381 5004 db1)
402 4873 577 4929 Commutavi
603 4888 767 4950 receperant
790 4873 856 4929 Ern.
877 4888 906 4929 et
930 4872 1058 4930 Schuetz.
1103 4871 1178 4926 Miht
1201 4867 1291 4928 codd.
1315 4869 1411 4927 lectio
1444 4893 1599 4949 praestare
1619 4878 1647 4931 rt<

313 4965 419 5006 eatur.
687 4982 693 4989 ·
