3322 5578
255 296 260 309 '
305 301 349 368 bb
732 299 785 362 Μ.
810 295 971 363 TULLII
995 291 1245 361 CICERONIS

309 440 485 510 cassinium
509 441 659 515 Scholam
687 438 804 505 fnisse:
834 437 953 503 Cicero
981 450 1091 501 coutm
1120 459 1180 519 pro
1209 436 1390 501 testimonio
1414 437 1510 513 dixit,
1536 439 1608 507 illum

308 541 349 601 ad
375 559 410 603 ss
437 540 563 603 domum
591 535 717 599 venisse
745 544 778 596 ct
806 536 857 596 dc·
874 532 1058 614 qsrilausdam
1086 535 1181 594 rebus
1204 531 1328 615 egisse,
1356 530 1388 593 id
1412 534 1498 614 qrrod
1520 554 1609 596 reuuu
1638 520 1639 531 ¹

252 692 263 716 Ι
308 643 390 697 crat.
435 632 644 705 Plutarchus,
669 627 789 692 Cicero
810 647 872 708 pro
895 629 990 690 domo
1015 639 1046 689 ct
1066 647 1133 709 pro
1150 625 1293 700 Milone,
1326 624 1501 708 ibidemque
1521 629 1610 690 Aseu·
1638 684 1639 693 ,

310 729 399 799 nitus,
424 723 636 804 Quintilianus
657 720 713 785 lih.
730 721 792 787 IV.
813 741 886 802 cap.
903 720 948 796 2„
973 719 1121 782 Valerius
1144 717 1219 781 libr.
1237 717 1336 783 Vlll.
1360 740 1432 800 cap.
1449 720 1482 781 5.
1518 721 1610 783 Abso·
1638 708 1639 757 l

310 821 381 883 luto
404 816 521 883 Clodio
545 816 757 900 Cicerocum
780 837 819 876 eo
841 814 950 877 Idibus
965 814 1063 877 Maiis
1085 813 1115 875 iu
1139 824 1249 875 senatu
1263 812 1442 886 coutendit;
1466 812 1556 895 epist.
1571 814 1610 877 lt.
1638 872 1639 887 ,

309 916 366 978 lib.
384 914 411 979 Ι.
427 914 464 976 ad
480 912 582 977 Attio.
605 913 679 974 Hoc
694 930 776 973 anuo
790 909 832 987 Q.
843 909 967 971 Tullius
980 902 1099 972 Cicero
1112 908 1163 969 Μ.
1179 906 1282 969 frater
1296 918 1427 988 praetor
1441 906 1520 969 fuit:
1541 929 1611 968 cun·
1638 894 1639 943 3

307 1029 369 1094 que
381 1019 548 1090 praetores
560 1004 742 1088 provincias
753 1003 958 1079 sortirentur,
971 1002 1013 1082 Q.
1024 1000 1258 1066 CicerouiAsia
1270 1000 1403 1085 obtigit3
1414 998 1609 1082 ep.12.lib.l.

309 1106 348 1167 ad
366 1101 465 1166 Attio.
498 1100 641 1165 Obtiuuit
659 1121 725 1162 eam
744 1097 941 1180 provinciam
956 1118 1014 1177 per
1029 1094 1207 1171 triennium,
1226 1116 1296 1157 cum
1312 1093 1498 1159 L.Vulerio
1510 1094 1609 1158 Flacco

310 1194 481 1271 tuccessit,
510 1208 544 1259 ut
568 1195 608 1261 ἐκ
633 1205 716 1258 orat.
743 1192 945 1274 pro‘Flacco
969 1211 1041 1270 cap.
1066 1180 1126 1251 ll.
1148 1188 1350 1273 intelligitur.
1395 1189 1517 1251 Eodem
1543 1208 1610 1249 anno

308 1310 459 1355 censores
481 1301 606 1353 creatos
624 1288 723 1352 fuisse
740 1297 771 1348 ct
793 1287 923 1348 lustrum
940 1284 1118 1365 condidisse
1135 1305 1174 1345 ex
1189 1284 1264 1345 libr.
1281 1283 1309 1345 Ι.
1330 1285 1368 1345 ad
1382 1285 1453 1346 Att.
1472 1294 1502 1345 et
1516 1281 1610 1345 Dionis
1638 1362 1639 1365 Ἴ

308 1384 373 1448 lib.
389 1383 599 1454 XXXVII..
624 1384 678 1445 dd.
709 1382 783 1444 satis
812 1392 921 1443 uotum
951 1391 1011 1440 est.
1058 1378 1099 1440 Hi
1122 1376 1290 1459 Ouuplrrio
1319 1388 1390 1439 stunt
1412 1379 1454 1442 Ρ.
1479 1373 1610 1440 Servilius

310 1477 470 1542 Isauricus
501 1488 532 1541 et
559 1478 663 1541 Mam.
686 1475 840 1543 Aemilius
863 1473 1016 1561 Lepidus.
1062 1475 1145 1535 Ante
1175 1475 1234 1534 hos
1263 1492 1414 1534 censores
1442 1468 1609 1535 Ciceronem

311 1590 372 1651 pro
395 1569 514 1633 Archia
544 1570 660 1634 dixisse
687 1573 765 1633 haee
797 1570 893 1632 verba
922 1566 1075 1631 orationis
1105 1588 1176 1648 cap.
1201 1570 1253 1643 5.,
1285 1588 1365 1648 quae
1394 1586 1435 1628 ex
1462 1575 1547 1627 tanto
1567 1583 1611 1623 nu-

313 1685 402 1728 mero
425 1662 633 1745 interpretum
656 1684 749 1727 nemo
765 1652 866 1725 adhuc
881 1662 1047 1742 exposuit,
1071 1673 1225 1745 arguunt:
1253 1664 1316 1724 Est
1331 1661 1423 1723 enim
1436 1660 1609 1728 obscurum

308 1757 485 1841 proximis
516 1757 714 1822 censoribus
744 1760 833 1819 lrunc
864 1778 942 1817 eum
970 1748 1163 1817 clurissimo
1192 1756 1398 1837 imperatore
1426 1757 1468 1816 L.
1490 1750 1627 1815 Lucullo

309 1851 407 1934 aprini
430 1840 624 1913 exercituin
645 1851 784 1940 fuisse,
818 1851 1054 1933 superioribus
1081 1872 1159 1911 cum
1180 1850 1297 1913 eodem
1319 1859 1499 1933 qemestore
1515 1843 1613 1932 fuisse

288 1942 356 2009 'iu
370 1943 476 2018 Asia,
504 1943 650 2026 primis,
679 1944 989 2015 luttemarssen,
1018 1945 1147 2006 nullam
1168 1944 1287 2026 populi
1305 1954 1443 2025 purtem
1463 1961 1534 2003 esre
1553 1956 1613 1998 cena

226 2070 234 2085 -
312 2035 431 2100 sami¹
477 2038 520 2101 L.
544 2038 658 2103 lulium
682 2039 850 2102 Caesarem
883 2051 912 2100 et
936 2039 976 2100 P.
1001 2036 1155 2100 Licinium
1179 2038 1329 2103 Crassum
1361 2054 1509 2099 censores
1533 2030 1613 2093 fuisse

245 2176 249 2184 -
313 2131 436 2213 prlmos
465 2143 538 2213 post
569 2133 670 2194 datam
696 2132 853 2194 civitatem
878 2131 1016 2194 Archiae
1039 2152 1122 2193 annu
1146 2131 1306 2195 DCLIV.
1329 2130 1479 2193 diximus.
1521 2122 1639 2209 Tettio

207 2262 212 2277 =
310 2246 395 2288 anno
423 2235 497 2306 post
530 2227 573 2289 L.
604 2226 749 2289 Marcius
780 2225 947 2307 Philippus
981 2237 1010 2287 ct
1041 2228 1092 2288 Μ.
1124 2227 1287 2309 Perperna
1321 2247 1471 2289 censores
1500 2224 1611 2284 lustrum

310 2320 443 2382 LXVI.
460 2319 616 2395 fecerunt,
630 2341 695 2403 qun
708 2332 852 2402 ternpore
866 2320 1001 2382 Archias
1015 2316 1044 2382 iu
1059 2320 1135 2383 Asia
1148 2320 1208 2382 fuit
1220 2343 1289 2382 cum
1300 2320 1437 2383 Lucullo
1450 2328 1610 2402 qrraestore,

310 2411 366 2496 qui
385 2426 444 2494 per
466 2413 583 2475 multos
604 2433 702 2477 annos
726 2412 897 2476 admirabili
920 2417 1052 2496 quadam
1077 2415 1168 2476 laude
1191 2415 1374 2496 provinciae
1397 2413 1546 2495 praetuiu
1567 2406 1610 2471 (ἷί-
1638 2430 1639 2499 3

311 2526 389 2570 cero
417 2504 450 2568 iu
472 2503 612 2567 Lucullo
641 2529 712 2587 cap.
738 2511 769 2570 1.
815 2504 958 2571 Censura
983 2507 1094 2575 dcirrdc
1117 2507 1291 2572 intermissa
1315 2508 1373 2572 fuit
1397 2528 1495 2589 usquc
1516 2506 1551 2566 ad
1569 2521 1610 2561 an·
1638 2584 1639 2587 Ἴ

312 2618 384 2662 uum
399 2597 499 2662 Urbis
510 2597 790 2673 DCLXXXIll.,
805 2623 871 2685 quio
888 2603 929 2663 Ι..
941 2602 1075 2678 Gellius,
1093 2602 1155 2666 Cu.
1167 2595 1321 2673 Lentulu's
1337 2604 1469 2665 lustrum
1480 2592 1609 2661 LXVll·
1638 2648 1639 2651 ,

311 2691 476 2765 fecerunt,
500 2711 570 2751 cum
594 2691 749 2754 Lucullus
771 2694 807 2765 iu¹
825 2695 901 2757 Asia
925 2696 1039 2757 bellum
1061 2708 1173 2760 eontra
1194 2698 1410 2761 ll'lithridatcur
1434 2690 1610 2759 administra·
1638 2704 1639 2711 ¹

242 2808 246 2815 ⁴
310 2794 375 2846 ret.
413 2784 520 2866 Atque
542 2783 575 2845 hi
597 2805 746 2847 censores
769 2787 907 2869 proximi
930 2801 1001 2852 unte
1018 2789 1182 2855 Ciceronis
1198 2792 1394 2853 consulatum
1412 2807 1534 2851 censum
1549 2800 1608 2864 ege·
1638 2776 1639 2783 ¹

311 2888 399 2940 runt.
426 2878 526 2939 ¹Nam
550 2879 603 2961 qui
627 2877 723 2942 Cotta
755 2893 785 2942 et
810 2885 979 2965 'l'orquato
1008 2904 1092 2946 coss.
1117 2883 1214 2945 creati
1236 2884 1384 2958 fuerumt,
1415 2892 1545 2964 propter
1564 2871 1611 2934 dis·

311 2968 488 3034 sensionem
511 2971 713 3034 abdicarunt:
737 2973 781 3036 illi
805 2985 927 3050 alitem,
962 2977 1015 3059 qiu
1039 2998 1121 3039 arruo
1143 2977 1316 3060 insequenti
1339 2979 1375 3040 iis
1398 2976 1609 3041 successerunt,

310 3063 576 3127 intercedentibus
607 3067 739 3129 tribunis
767 3066 850 3148 pleb.
879 3069 953 3133 nihil
985 3091 1080 3151 agere
1106 3083 1292 3152 potueruut.
1337 3075 1464 3136 Auctor
1486 3066 1545 3132 Dio
1565 3059 1609 3125 lib·

312 3158 518 3233 XXXVII.,
541 3158 570 3224 9.
614 3160 726 3244 Itaque
750 3163 802 3226 Μ.
825 3163 947 3225 'l‘ullius
970 3166 1262 3243 postconsulatum
1286 3178 1356 3228 autc
1380 3182 1545 3232 censores,
1566 3151 1610 3237 qul

312 3252 377 3315 hoc
399 3273 481 3315 anno
503 3252 602 3316 creati
623 3253 766 3331 fuerunt,
800 3258 844 3319 A.
871 3256 1025 3320 Licinium
1050 3260 1218 3335 Archiam,
1248 3262 1303 3322 eui
1321 3261 1485 3337 Gracchus
1507 3251 1611 3339 quldtffl

260 3394 261 3397 ¹
312 3342 448 3450 civitatis
471 3348 719 3410 controversiam
745 3364 906 3423 moverat,
928 3352 1066 3413 defendit
1087 3352 1138 3415 illa
1162 3353 1325 3426 oratione,
1351 3373 1430 3436 quac
1453 3357 1568 3432 exstat}
1587 3340 1610 3401 in

312 3458 373 3522 qua
394 3458 500 3519 primo
523 3460 593 3502 euru
618 3442 718 3503 civem
742 3464 809 3505 esse
832 3448 963 3525 prohat3
994 3445 1103 3509 deiude
1130 3448 1249 3532 reliqua
1280 3448 1423 3511 oratioue
1453 3451 1556 3513 cruu,
1586 3441 1611 3492 dl

312 3529 441 3593 civitate
458 3531 601 3597 Romana
624 3535 750 3618 dignum
774 3558 843 3599 esse
866 3541 1068 3606 demonstret.
1105 3542 1270 3607 Corradus
1286 3565 1325 3604 cx
1340 3541 1435 3623 epist.
1453 3538 1503 3601 lb.
1524 3532 1574 3595 lib.
1587 3524 1610 3587 l·

313 3625 352 3685 ad
366 3622 465 3696 Attio.
481 3636 589 3705 putat,
613 3625 801 3691 Ciceronem
825 3653 885 3711 pro
901 3635 1018 3695 Archia
1035 3634 1150 3698 dixisse
1166 3636 1304 3699 Metello
1327 3648 1357 3697 et
1371 3632 1506 3698 Afranio
1522 3638 1610 3689 coss·;

311 3717 368 3778 sed
383 3716 454 3799 qui,
481 3722 567 3801 quod
584 3720 762 3796 inchoavit,
788 3727 923 3788 noudum
940 3728 1092 3808 perfecit,
1118 3730 1192 3792 nihil
1215 3730 1378 3812 scripsisse
1395 3710 1611 3805 viteri'poteu·

311 3810 486 3872 Hoeanno
503 3812 674 3894 Pompeius
692 3816 821 3878 tertium
834 3819 1022 3902 triumphum
1040 3825 1077 3884 de
1092 3823 1292 3899 Mithridate,
1314 3823 1456 3907 Tigrane
1473 3806 1611 3902 puniuis·

314 3924 376 3991 que
387 3904 518 3987 regibus
531 3927 568 3967 ac
581 3907 727 3990 gentihus
739 3930 798 3992 per
810 3910 1008 3980 biduumlll.
1017 3929 1046 3977 et
1057 3917 1375 4001 prid.lial.0etohr.,
1386 3929 1419 3978 ut
1432 3898 1479 3978 est
1490 3895 1612 3973 quastis

313 3997 478 4080 C³Pll⁰bs
498 4000 579 4083 egil.
604 4001 715 4064 Trium
730 4004 959 4087 triumphorum
974 4010 1121 4093 Pompeii
1138 4012 1252 4073 incutio
1269 4024 1315 4073 est
1333 4010 1444 4075 lih.ll.
1461 4000 1567 4084 cap.ll.
1583 3994 1613 4052 ‘l‘

245 4136 249 4143 ·
312 4090 458 4156 Divinat.
481 4092 532 4156 De
547 4093 655 4157 iisdem
671 4094 788 4160 Cicero
806 4122 868 4181 pro
882 4101 984 4164 Balbo
1003 4124 1073 4183 cap.
1091 4103 1122 4166 b.
1146 4105 1251 4168 Casius
1265 4116 1336 4166 tres
1351 4098 1518 4186 triumphi
1528 4098 1613 4155 restes

312 4196 424 4248 essent
443 4197 554 4249 totum
573 4191 688 4252 orbem
703 4203 876 4255 terrarum
894 4208 1014 4258 nostro
1032 4196 1177 4277 imperio
1195 4198 1315 4260 teneri.
1350 4198 1472 4261 Eodem
1489 4206 1563 4254 anun
1578 4174 1611 4241 C·

313 4274 447 4353 Caesar,
469 4300 538 4341 eum
553 4293 636 4344 esset
649 4282 680 4344 in
695 4283 848 4371 Hispania
863 4301 1004 4365 praetor,
1026 4291 1178 4370 populum
1191 4292 1379 4355 Gaditanum
1395 4287 1518 4354 sruumi's
1532 4287 1611 4342 ol‘ssl·

312 4370 422 4433 mentis
436 4356 552 4447 affecit,
571 4378 809 4440 controversias
824 4382 957 4455 sedavit,
974 4384 1039 4445 iura
1055 4383 1193 4466 ipsorum
1209 4389 1362 4468 permissu
1380 4383 1487 4447 statuit
1500 4387 1529 4438 ct
1540 4371 1612 4469 lull*

310 4474 441 4525 teratarn
454 4470 612 4550 quondam
626 4472 802 4533 barbariam
817 4494 858 4535 ex
866 4476 1097 4541 Gaditanorum
1112 4480 1250 4542 risoribus
1263 4479 1485 4562 disciplinaque
1496 4466 1610 4534 delenit
1638 4506 1639 4555 l

311 4554 469 4621 utCicere
485 4561 636 4625 incudem
652 4563 946 4649 orationecap.1ll.
963 4581 1116 4657 testatur.
1128 4574 1208 4634 Turn
1224 4594 1352 4657 quoque
1363 4571 1404 4637 C.
1415 4552 1608 4647 Pomptinius,

310 4648 363 4731 qui
383 4672 467 4716 anno
486 4657 700 4738 superiorein
721 4659 856 4722 Galliam
877 4662 1060 4727 ulteriorem
1083 4688 1123 4728 ex
1142 4674 1285 4748 praetura
1307 4668 1418 4730 missus
1437 4667 1514 4731 erat»
1532 4645 1611 4714 ‘³¹¹⁰'

349 4767 378 4840 1)
397 4768 456 4823 Clr.
475 4773 658 4829 Garatculnnr
677 4776 712 4829 ad
732 4794 922 4850 argumentum
945 4786 1109 4839 drclrlanae.
1149 4791 1215 4838 dcta
1236 4803 1276 4839 est
1301 4799 1383 4841 must
1402 4781 1472 4859 epod
1492 4778 1524 4844 Q·
1543 4768 1608 4820 cll*

309 4860 406 4898 ronem
427 4862 600 4920 praetorem,
616 4869 646 4905 ut
665 4868 738 4909 nunc
757 4860 859 4910 scimus
879 4873 893 4908 e
913 4856 1031 4913 Schollls
1051 4859 1243 4916 bobiensibus.
1280 4896 1292 4923 ,
