3322 5578
305 350 348 416 ss
727 304 1245 421 u.ronuirctcsn0u1s

305 491 391 564 Cato
420 491 541 581 (inquit
573 494 764 561 Plutarchus
795 496 829 560 in
860 493 1021 561 Cicerone
1050 518 1124 579 cap.
1154 494 1249 576 aa),
1285 489 1340 580 qni
1368 491 1479 579 copias
1504 515 1616 583 magnes

307 592 505 676 classeinque
527 613 673 677 magnam
698 589 893 672 Dyrrhachii
916 591 1070 666 habebat,
1094 592 1134 653 ad
1159 589 1212 653 M.
1238 587 1398 666 Trdlium,
1427 589 1482 673 qni
1503 611 1534 653 ee
1555 590 1614 676 lege

304 698 337 750 et
357 687 511 773 dignitate
533 685 693 750 constdari
716 695 915 769 praestaret,
947 686 1114 768 imperium
1137 684 1313 749 deferebat.
1358 683 1458 765 Quod
1482 704 1550 749 cutm
1572 685 1614 749 ille

307 792 471 847 recusaret
498 780 700 866 militiamque
719 780 977 864 subterfugeret,
1000 778 1135 863 propius
1157 778 1276 843 lactum
1297 776 1462 856 estnihil,
1485 800 1572 865 quari
1588 791 1616 842 ut

307 876 528 952 occideretur,
552 896 623 939 enm
650 885 683 939 rt
707 873 884 958 Pompeius
906 873 989 937 filius
1011 884 1043 937 et
1066 872 1156 936 amici
1178 893 1249 937 eum
1271 871 1472 956 proditorem
1493 874 1617 956 appella·

305 983 377 1034 rent
396 970 585 1056 gladiosque
604 970 814 1051 stringerent.
861 971 926 1034 Sed
951 967 1035 1036 Cato
1056 966 1204 1032 resistens
1228 966 1283 1030 rix
1302 966 1390 1030 illum
1409 967 1499 1031 caedi
1520 965 1619 1048 eripuit

306 1074 340 1127 et
365 1085 406 1127 ex
431 1062 544 1127 eastris
569 1064 708 1128 removit
734 1074 830 1148 atque
857 1063 1033 1149 ablegavit.
1077 1064 1170 1127 Haec
1195 1062 1402 1128 Plutarchus.
1448 1061 1492 1143 Q.
1516 1059 1617 1129 Cicero

264 1212 267 1221 ι
307 1154 365 1220 lils.
388 1157 420 1221 1.
446 1178 520 1240 cap.
545 1157 599 1220 32.
627 1159 665 1221 de
692 1156 836 1222 Divinat.
863 1159 982 1234 relert,
1007 1156 1185 1222 Labienum
1214 1177 1255 1220 ex
1284 1154 1471 1221 Harsalica
1497 1153 1569 1239 loga
1592 1154 1617 1217 in

306 1262 414 1314 castra
432 1251 558 1315 venisse
574 1251 801 1339 interitumque
822 1253 984 1318 exercitus
1006 1250 1219 1328 nnuntiavisse,
1243 1260 1338 1334 atque
1357 1250 1399 1312 ita
1418 1249 1508 1333 ipsos
1529 1246 1616 1312 subito

304 1343 505 1429 perterritos·
516 1358 601 1410 metu
623 1367 719 1410 naves
742 1347 977 1416 conscendisse.
1020 1345 1202 1411 Victoriam
1224 1343 1321 1428 igitur
1334 1341 1496 1408 Caesaris
1517 1340 1616 1407 Cicero

306 1439 384 1505 belli
409 1440 501 1505 linem
533 1441 594 1505 sibi
622 1441 720 1506 lecit:
755 1463 813 1505 nee
839 1441 982 1524 putavit,
1016 1462 1087 1505 enm
1117 1439 1235 1523 integri
1260 1459 1355 1521 pares
1377 1459 1453 1502 -nou
1481 1435 1613 1510 luissent,

304 1535 427 1601 fractos
450 1535 635 1617 superiores
656 1535 746 1611 lore;
770 1536 865 1619 epist.
888 1538 921 1601 3.
944 1537 1002 1601 lib.
1024 1537 1110 1601 Vll.
1132 1536 1173 1599 ad
1190 1535 1307 1598 Famil.
1349 1532 1416 1597 Dio
1439 1533 1496 1597 lib.
1517 1530 1614 1605 XLll,

307 1631 361 1697 10.
383 1629 495 1693 scribit
517 1628 710 1697 Ciceronem
732 1652 804 1694 cuin
828 1631 987 1697 nonnullis
1012 1631 1079 1694 aliis
1101 1628 1305 1694 senatoribus
1326 1627 1480 1692 condono
1502 1627 1615 1692 Roman

306 1722 475 1808 profectos
500 1745 590 1789 esse:
614 1725 683 1807 ipse
711 1725 806 1808 epist.
838 1728 870 1790 b.
896 1727 953 1792 lib.
978 1728 1045 1793 XI.
1067 1729 1107 1789 ad
1131 1724 1235 1791 Attin.
1259 1723 1302 1788 ait
1323 1743 1357 1787 se
1377 1721 1411 1787 in
1436 1720 1555 1787 Italiam
1573 1739 1615 1781 re·

306 1819 390 1882 nisse
413 1839 475 1883 non
497 1820 696 1883 arcessitum.
741 1819 914 1883 'l'erentiae
932 1821 1052 1898 uxori,
1076 1842 1158 1905 quae
1178 1817 1239 1901 ipsi
1258 1819 1296 1881 de
1315 1819 1456 1881 adventu
1479 1814 1632 1900 gratulata·

308 1923 395 1988 erat,
418 1913 520 1996 pridie
544 1915 634 1978 Non.
659 1915 840 1978 Novembr.
864 1914 1039 1978 Brundisio
1058 1912 1243 1996 rescripsit,
1268 1914 1363 1996 epist.
1382 1914 1437 1975 12.
1462 1910 1519 1977 lib.
1533 1907 1617 1973 xlv.

309 2008 351 2068 ad
369 2006 486 2071 Famil.
509 2007 670 2073 Brundisii
693 2006 811 2073 Cicero
833 2007 887 2072 din
907 2019 1050 2073 moratus
1071 2018 1121 2073 est
1141 2007 1312 2073 Caesarem
1335 2016 1540 2089 exspectarim
1558 2004 1614 2065 dun

309 2098 336 2163 is
365 2112 442 2184 post
466 2103 624 2184 proelium
650 2101 872 2169 Pharsalicum
896 2102 928 2165 in
955 2105 1142 2188 Aegyptum
1167 2102 1335 2185 proiectus
1357 2102 1477 2167 bellum
1498 2101 1616 2166 Alexan·

309 2193 433 2259 deinum
456 2196 555 2281 gessit
577 2208 609 2260 et
627 2198 824 2261 Pharnacem
847 2196 879 2260 in
903 2198 1012 2262 Ponto
1039 2195 1216 2280 superarit.
1261 2196 1468 2263 Brundisium
1486 2195 1556 2261 item
1574 2193 1614 2257 tt.

310 2288 473 2354 Antonios
499 2302 575 2373 post
604 2290 770 2355 victoriani
798 2313 868 2354 eum
900 2290 1083 2376 legionibus
1121 2290 1207 2355 venit
1239 2304 1272 2356 et
1299 2289 1455 2357 Ciceroni
1478 2285 1617 2375 pcprttllt

310 2386 398 2466 quod
423 2385 609 2451 henefiehun
639 2383 759 2452 Cicero
793 2384 973 2467 Philippica
1005 2388 1142 2448 secunda
1174 2407 1248 2467 cap.
1278 2385 1310 2448 3.
1337 2398 1369 2448 et
1396 2387 1450 2449 nt.
1481 2378 1614 2467 agnoseit·

308 2476 446 2561 Scripsit
482 2491 549 2543 tum
583 2477 705 2545 Caesar
736 2482 775 2544 ad
811 2480 1003 2557 Antonium,
1042 2480 1261 2562 prohibendos
1292 2500 1403 2543 omnes
1439 2476 1545 2552 Italia,
1571 2469 1615 2536 risi

308 2591 448 2655 quorum
478 2570 548 2656 ipse
574 2594 698 2637 cainam
728 2575 950 2658 cognovisset.
1003 2574 1129 2655 Quare,
1167 2596 1238 2639 eum
1267 2574 1430 2639 Antonius
1452 2571 1613 2658 petiissett

261 2750 264 2755 Δ
314 2663 473 2729 Cicerone
500 2686 560 2748 per
587 2667 730 2744 litteras,
765 2680 799 2732 ut
819 2666 880 2731 sibi
902 2667 1103 2751 ignoscerem
1135 2669 1244 2734 lacere
1265 2691 1300 2734 se
1323 2692 1387 2734 non
1416 2688 1526 2753 posse,
1558 2661 1614 2749 quit

311 2756 460 2823 Caesaris
486 2759 599 2824 litteris
623 2772 771 2843 parerets
806 2761 888 2824 misit
919 2761 1037 2828 Cicero
1062 2766 1103 2826 ad
1128 2785 1199 2829 essm
1230 2766 1274 2828 L.
1308 2765 1473 2842 Lamiam,
1504 2758 1555 2846 qui
1574 2759 1614 2821 de·

305 2862 501 2917 monstraret
529 2852 701 2919 Caesarem
726 2855 916 2920 Dolabellae
943 2857 1080 2935 dixisse,
1112 2869 1146 2923 ut
1172 2861 1212 2923 ad
1239 2858 1433 2925 Ciceronem
1462 2857 1613 2926 scriberet,

310 2944 399 3008 utin
420 2945 544 3011 Italiam
564 2949 811 3035 quamprimum
834 2950 971 3015 veniret.
1016 2954 1130 3038 Itaque
1154 2952 1315 3018 Antonius
1335 2954 1436 3018 edixit
1451 2953 1512 3028 ita,
1534 2945 1613 3012 nthl.

311 3038 453 3104 Tullium
476 3040 643 3125 exciperet
668 3043 867 3110 nominatim.
911 3046 987 3109 Hoc
1008 3047 1111 3112 XIV.
1133 3047 1271 3112 Kalend.
1296 3048 1427 3115 Ianuar.
1456 3045 1567 3114 Cicero
1586 3038 1615 3101 al

311 3134 455 3199 Atticum
480 3136 608 3222 scripsit
631 3139 726 3222 epist.
754 3143 785 3204 7.
813 3139 869 3202 lib.
896 3139 963 3207 Xl.
1007 3142 1184 3226 Allligebat
1210 3141 1402 3210 Ciceronem
1426 3144 1533 3207 eodem
1555 3147 1614 3199 tett-

311 3250 394 3310 pore
420 3231 546 3296 'suilliae
574 3237 721 3310 morbus3
744 3233 834 3298 cuius
861 3235 999 3301 meminit
1028 3235 1123 3319 epist.
1155 3238 1188 3302 6.
1220 3237 1279 3301 lib.
1312 3238 1379 3302 XI.
1407 3241 1447 3301 ad
1476 3238 1542 3301 Ast.
1579 3228 1615 3292 De

313 3324 427 3386 eodem
460 3324 573 3391 scribit
604 3330 644 3392 ad
670 3328 855 3392 Terentiam
881 3330 978 3414 epist.
1010 3332 1042 3395 ll.
1075 3330 1134 3396 lib.
1164 3333 1266 3397 XIV.
1295 3335 1336 3395 sd
1362 3333 1478 3397 Famil.
1520 3321 1617 3391 Scribit

314 3415 407 3479 etiarn
431 3416 490 3500 ‘per
517 3421 652 3503 Leptam
676 3434 709 3485 et
730 3421 918 3488 Trebatium
944 3423 1038 3509 epist.
1064 3427 1118 3489 17.
1145 3425 1282 3494 eiusdem
1307 3426 1392 3493 libri.
1439 3425 1522 3492 Vide
1542 3415 1616 3503 spltt·

314 3510 347 3585 8.
378 3511 437 3577 lib.
461 3514 526 3581 XI.
544 3519 585 3578 ad
604 3517 759 3582 Atticum.
986 3538 988 3544 ·

625 3707 730 3772 Anno
752 3706 852 3772 Urbis
876 3710 1032 3775 110th.
1058 3710 1234 3776 Ciceronis
1256 3715 1333 3780 LX.

708 3822 751 3896 C.
779 3821 951 3901 IULIUS
979 3823 1175 3903 CAESAR
1201 3827 1266 3902 ΙΙ.

847 3952 998 4017 dictator
1006 3952 1110 4045 fois,

810 4085 861 4160 Ill.
890 4086 1148 4167 ANTONIUS
1185 4161 1188 4165 ,

866 4237 962 4302 mag.
991 4220 1099 4303 equit.

399 4352 495 4414 Hanc
523 4350 711 4419 dictaturam
741 4352 864 4423 Caesar
891 4369 984 4422 extra
1013 4358 1136 4425 ltaliam
1167 4360 1251 4441 iniit,
1285 4375 1418 4429 auctore
1444 4359 1545 4429 Dione
1572 4344 1617 4410 lib·

311 4442 433 4516 XLII,
458 4445 512 4509 27.
550 4448 601 4513 De
617 4451 762 4515 Antonio
785 4451 939 4538 magistro
961 4455 1100 4542 equitum
1118 4457 1238 4524 Cicero
1255 4458 1398 4543 Philipp.
1415 4458 1462 4524 II.
1477 4473 1543 4534 cap·
1558 4445 1615 4507 25⁸

315 4536 488 4643 Aeeesait,
512 4553 552 4605 ut
572 4547 721 4610 Caesone
741 4544 889 4630 ignaro,
912 4570 991 4613 cum
1012 4565 1100 4617 esset
1122 4553 1178 4617 ille
1198 4553 1454 4626 Alexandriae,
1476 4532 1619 4639 ramaldo

315 4650 509 4697 amicornm
529 4636 604 4702 eius
625 4639 794 4724 magister
813 4642 967 4727 equitum
987 4646 1266 4712 constitueretur.
1305 4647 1372 4712 111.
1390 4648 1475 4713 Non.
1494 4642 1559 4707 lan·
1578 4632 1616 4691 ‘¹¹‘

317 4725 414 4788 natali
442 4747 502 4793 suo
530 4730 586 4796 M.
610 4734 737 4798 'l'tdlius
767 4739 805 4800 ad
831 4741 905 4802 Att.
935 4738 1021 4802 dedit
1049 4741 1143 4823 epist.
1168 4744 1200 4807 9.
1231 4740 1287 4806 lio.
1308 4743 1373 4808 Xl.
1403 4753 1434 4807 et
1459 4736 1616 4821 sequentem

275 4888 280 4901 ,
298 4838 301 4845 ’
318 4819 402 4885 XII.
417 4820 492 4887 Kal.
506 4825 606 4892 Febr.
647 4826 750 4895 VIII.
770 4831 821 4896 Id.
840 4831 977 4896 Martias
999 4836 1037 4896 ad
1058 4838 1192 4900 eundem
1214 4835 1341 4919 scripsit
1362 4836 1455 4919 epist.
1468 4833 1517 4895 ll.
1533 4832 1562 4888 et
1575 4813 1614 4878 li·

319 4913 444 4989 Rornae
472 4916 529 4992 illo
559 4934 705 5015 tempore
735 4926 906 5045 reditiones
938 4950 955 4998 a
983 4930 1024 5002 P.
1048 4928 1204 5004 Cornelio
1233 4930 1406 5003 Dolabella
1431 4928 1502 4999 uit.
1528 4916 1569 5011 tl·
1591 4914 1617 4976 ‘l
