3322 5578
567 394 812 460 HISTORIA.
1119 386 1122 397 Α
1316 404 1354 466 tt

70 560 244 626 emonensres
256 549 360 622 gestas
372 534 462 599 huius
476 535 549 599 anui
562 536 678 600 diserte
689 537 801 600 scribit
813 539 836 601 l.
845 536 1077 604 XXXVI.27.
1088 541 1228 612 Praetor
1237 541 1357 608 Cicero

70 634 202 722 quaestioni
221 637 258 696 de
279 631 422 714 pecuniis
445 633 626 714 repetundis
648 632 803 713 praefuit,
828 646 863 695 ut
886 634 953 716 ipse
968 656 1030 716 pro
1046 636 1180 713 Rabirio
1199 637 1357 701 Postumo

66 753 115 813 cap.
133 732 160 791 l.
180 729 217 790 ita
239 725 427 789 confitetur:
459 726 630 790 Accusavi
650 727 692 789 de
712 726 870 809 pecuniis
891 728 1111 809 repetundis,
1143 729 1253 793 iudex
1272 730 1357 806 sedi,

62 835 170 908 praetor
189 820 356 905 quoesici3
377 830 408 881 et
431 840 491 900 pro
517 818 672 883 Cornelio
696 818 799 902 princ.
844 824 1163 916 Posttdatut·o1›ud
1184 847 1237 887 me
1252 846 1358 908 prete-

63 932 143 982 torent
163 915 310 998 pritrtum
339 914 381 976 de
402 913 560 995 pecuniis
589 914 797 996 repetundis,
841 914 929 978 ldem
953 917 1093 979 ostendit
1117 939 1179 1000 pro
1205 916 1357 985 Cluentio

64 1011 188 1094 capld„
210 1008 264 1072 ttbi
290 1007 508 1092 quaestionem
531 1010 570 1071 de
594 1007 736 1091 pecuniis
758 1008 941 1091 repetundis
962 1031 1064 1079 suant
1085 1023 1193 1075 vocat.
1239 1012 1358 1077 Iudicia

64 1105 161 1181 Cicero,
184 1114 215 1166 ut
233 1102 427 1166 Plutarchus
448 1102 577 1178 scribit,
605 1102 691 1164 visus
710 1102 769 1164 fuit
788 1113 873 1165 caste
892 1104 1085 1189 integreque
1105 1127 1270 1170 exercere.
1304 1110 1357 1173 De

62 1199 154 1263 licinio
173 1200 285 1263 Macro
309 1197 390 1259 idem
419 1196 588 1258 memoriae
608 1195 769 1278 proditum
793 1199 855 1273 ait,
879 1221 971 1274 eum,
997 1201 1051 1284 qui
1075 1200 1198 1282 etipse
1226 1201 1357 1265 multum

13 1314 14 1323 ¹
62 1291 201 1357 incivitate
222 1303 350 1373 poterat
381 1301 413 1352 et
432 1288 552 1353 Crasso
581 1303 721 1371 patrono
745 1294 910 1367 utebatur,
941 1314 1012 1355 cutu
1036 1296 1076 1357 de
1099 1293 1241 1375 pecuniis
1263 1316 1358 1380 repe·

62 1386 135 1449 turdis
150 1388 227 1467 apud
244 1384 436 1449 Ciceronem
457 1396 639 1466 praetorem
659 1401 827 1448 accusatus
845 1397 944 1460 essct,
969 1398 1001 1449 et
1019 1386 1137 1450 iudices
1158 1389 1262 1450 adhue
1285 1411 1359 1451 sett-
1454 1388 1457 1393 ’
1486 1446 1492 1453 ,
1515 1408 1522 1419 ·

64 1480 142 1543 tettias
158 1481 295 1554 ferrent,
320 1481 436 1542 fretum
457 1499 512 1539 sua
536 1479 679 1559 potentia
701 1490 733 1541 et
751 1479 856 1543 studio
879 1480 1052 1543 anticorum
1077 1485 1204 1544 domum
1226 1482 1355 1558 abiisse,
1396 1506 1399 1511 ’

67 1587 169 1656 etcaput
190 1574 294 1637 statim
318 1572 515 1648 totondisse,
548 1575 738 1658 sumptaque
761 1585 849 1637 reste
870 1596 950 1656 pura
974 1586 1122 1657 tauquam
1147 1572 1302 1638 rictorem
1326 1577 1357 1638 iu
1442 1586 1445 1595 '

68 1668 136 1732 luen
150 1668 334 1732 revertisse.
367 1668 430 1731 Sed
451 1689 520 1730 cum
538 1666 693 1743 Crassus,
716 1665 748 1730 in
772 1670 929 1731 vestibulo
949 1689 1142 1745 occurrens,
1167 1690 1238 1734 cum
1254 1660 1357 1736 omni-

68 1763 268 1826 bussententiis
300 1766 477 1825 damnatum
505 1783 575 1824 esse
598 1761 749 1825 dixisset:
783 1784 948 1849 reversum
974 1763 1164 1826 decubuisse
1195 1777 1290 1848 atque
1311 1766 1355 1829 ita

63 1859 190 1920 decessisse
212 1856 312 1920 aiunt.
359 1858 449 1936 Quae
478 1870 530 1919 res
556 1854 729 1930 Ciceroni,
760 1868 793 1919 ut
823 1857 878 1940 qui
906 1855 1020 1919 iudicia
1052 1878 1165 1940 magna
1192 1881 1262 1921 cunt
1287 1861 1357 1924 dili·

61 1950 135 2032 gentis
153 1961 335 2026 exerceret,
369 1950 503 2031 gloriam
531 1951 669 2032 peperit.
715 1953 878 2015 Hactenus
902 1953 1097 2017 Plutarchus
1126 1975 1157 2017 c.
1180 1956 1212 2017 9.
1257 1957 1358 2020 Vale·

60 2043 104 2105 ritu
117 2044 264 2108 Maximus
291 2045 348 2107 lib.
368 2046 432 2109 lX.
457 2067 528 2126 cap.
549 2046 602 2106 12.
626 2066 692 2105 rem
715 2046 812 2126 paulo
836 2045 926 2108 aliter
946 2056 1067 2108 narrat.
1114 2045 1233 2112 Cicero
1253 2062 1357 2113 autem

60 2140 148 2217 qtt.
167 2140 219 2202 lib.
238 2141 268 2203 l.
296 2142 335 2202 ad
351 2142 444 2213 Ate,
469 2160 561 2223 quam
584 2139 647 2201 hoe
670 2159 752 2202 anno
776 2148 909 2219 praetor
929 2138 1076 2221 scripsit:
1110 2144 1208 2218 Noe,
1237 2141 1357 2227 inquit,

57 2231 95 2292 tie
109 2231 287 2296 incredibili
311 2254 351 2295 ae
371 2233 545 2317 singrdari
564 2233 686 2315 populi
706 2235 881 2294 voluntate
903 2233 944 2294 de
967 2236 1006 2297 C.
1028 2237 1157 2298 Moero
1183 2239 1357 2323 tretnsegi·

59 2345 122 2386 tntu:
139 2327 188 2389 cui
208 2348 288 2389 cum
307 2326 409 2410 aequi
420 2324 642 2416 fuissemus,
667 2340 782 2389 tamen
805 2331 914 2390 multo
938 2328 1288 2415 tuoiorcmflttctum
1310 2355 1358 2393 eac

54 2420 142 2499 populi
157 2421 413 2483 existimatione
433 2420 493 2483 illo
512 2421 679 2483 damnato
698 2421 869 2503 cepimus,
894 2442 999 2504 qteam
1020 2422 1216 2505 exipsius,
1241 2424 1273 2486 si
1295 2425 1356 2486 ab·

58 2516 155 2577 solutus
173 2528 282 2590 esset,
307 2515 426 2597 gratio
447 2516 666 2598 cepissemus.
700 2514 848 2577 Meminit
869 2514 899 2576 itt
923 2518 1031 2576 cadem
1054 2516 1187 2598 epistola
1211 2517 1358 2582 comitio·

59 2624 103 2667 mu
126 2608 162 2689 Q.
185 2609 317 2683 fratris,
354 2609 467 2693 quibus
493 2609 544 2671 illc
576 2608 762 2672 aedilitatem
790 2609 920 2690 petiisse
950 2608 1116 2672 videtur.¹
1152 2611 1244 2675 ltu.
1283 2610 1353 2673 lan.

59 2699 211 2787 brittanni
237 2704 284 2770 C.
312 2703 437 2767 Manilii
467 2706 522 2766 lex,
548 2706 587 2766 de
615 2704 771 2767 libertinis
801 2705 835 2767 S.
867 2702 909 2768 C.
938 2706 1083 2767 damnata
1111 2702 1190 2782 suit,
1225 2717 1357 2768 auctore

57 2792 131 2860 lliore
147 2799 318 2864 XXXVI.
349 2799 403 2862 25.
455 2800 538 2860 'l'utu
568 2797 739 2872 Manilius,
772 2811 805 2860 ut
832 2799 979 2881 Pompeii
1004 2797 1139 2883 gratiam
1166 2798 1355 2882 colligeret,

56 2887 128 2971 legent
142 2893 371 2975 promulgavit,
395 2904 429 2954 ut
441 2890 612 2974 Pompeio,
637 2891 691 2976 qui
707 2906 770 2954 tum
791 2894 820 2954 in
836 2892 942 2956 Sicilia
959 2893 1035 2956 belli
1046 2891 1195 2956 maritimi
1209 2892 1357 2978 reliquias

55 2989 292 3069 persequebatur,
333 2986 500 3066 Bithynia,
538 2987 698 3070 Phrygia,
736 2987 918 3066 Lycaonia,
954 2986 1098 3064 Galatia,
1135 2985 1355 3068 Cappadocia,

55 3073 153 3154 Cilicia,
182 3081 336 3158 Colchis,
370 3080 520 3145 Armenia
548 3081 652 3144 utiuor
680 3102 750 3142 eum
778 3081 863 3143 omni
889 3095 1046 3162 apparatu
1071 3080 1146 3144 belli
1175 3080 1300 3162 piratici
1326 3094 1357 3144 et

54 3170 129 3251 copiis
141 3176 285 3237 omnibus
295 3220 304 3249 ‚
330 3198 412 3260 quae
427 3178 486 3238 sub
503 3175 643 3240 Lucullo
668 3189 866 3248 meruerant,
892 3177 1073 3258 bellumque
1089 3175 1354 3252 Mithridaticum,

54 3268 116 3343 quod
137 3269 287 3331 Lucullus
314 3268 373 3331 iatu
398 3270 487 3332 annis
515 3281 634 3350 septem
663 3282 825 3349 gesserat,
859 3271 1130 3345 cotnutittercttu·;
1161 3271 1355 3335 Plutarchus

53 3354 246 3443 htoupcto,
281 3363 449 3445 Appianus
474 3364 503 3425 in
527 3352 767 3437 Mithridatico,
800 3363 865 3427 Dio
890 3365 945 3427 lib.
969 3365 1141 3428 XXXVI.
1166 3366 1218 3429 27.
1264 3368 1359 3430 Hauc

54 3448 128 3533 legent
147 3457 380 3541 promulgatam
401 3459 444 3538 Q.
459 3455 592 3521 Catulus
609 3470 640 3519 ct
661 3457 871 3532 Hortensius,
898 3460 958 3523 riri
982 3459 1179 3534 consulares,
1205 3462 1254 3537 de,
1267 3484 1369 3526 more·

54 3546 250 3627 tlissuasertmt;
285 3551 403 3615 Cicero
433 3563 565 3632 praetor
599 3552 695 3613 suasit
725 3552 890 3630 oratioue,
922 3575 1004 3638 quae
1034 3575 1096 3636 pro
1126 3554 1200 3640 lege
1223 3556 1356 3619 Manilia

52 3654 143 3707 eistat:
164 3668 223 3730 qua
246 3646 364 3709 bellum
385 3645 638 3708 Mithridaticum
662 3658 693 3707 ct
716 3658 835 3729 genere
858 3648 1070 3710 necessarium
1090 3662 1121 3712 et
1140 3650 1357 3734 magnitudine

53 3736 232 3814 periculosum
258 3738 324 3805 Cn.
350 3740 527 3821 Pompeio,
559 3739 590 3801 in
622 3762 686 3823 qno
713 3762 834 3803 summa
864 3753 947 3804 esset
973 3742 1103 3805 scientia
1125 3745 1172 3806 rei
1198 3745 1353 3821 militaris,

54 3829 142 3906 tutta,
175 3833 351 3898 auctoritas
375 3846 406 3895 et
427 3833 581 3917 felicitas,
613 3833 885 3896 transmittendum
915 3856 985 3897 esse
1015 3837 1184 3917 persuasit.
1229 3839 1356 3901 Eodem

54 3942 112 3989 tuno
132 3930 171 3993 Α.
198 3929 368 3993 Cluentius
395 3930 530 4003 Avitus,
561 3926 707 3989 veneficii
733 3950 751 3990 a
774 3932 817 3990 Τ.
841 3927 921 3992 Atio
943 3941 1125 4005 aecusatus,
1158 3952 1176 3992 a
1197 3930 1356 3995 Cicerone

53 4034 170 4093 predere
190 4027 275 4105 apud
298 4024 338 4102 Q.
358 4023 539 4086 Voconium
564 4021 710 4084 defensus
732 4022 805 4086 suit.
844 4025 981 4086 Veneno
1003 4022 1169 4086 sustulisse
1185 4046 1254 4085 cnm
1277 4023 1356 4087 alios

53 4116 208 4193 multos,
233 4130 301 4179 tum
319 4115 551 4199 Oppianicum,
579 4114 724 4177 vitricum
747 4137 854 4189 suum,
880 4116 1090 4197 arguebatur.
1136 4119 1198 4178 Sed
1216 4115 1351 4195 Cicero,

53 4216 186 4289 antequam
217 4214 257 4274 ad
288 4213 351 4274 hoc
376 4208 497 4272 crimen
530 4210 651 4284 veniat,
686 4207 868 4272 Cluentium
894 4209 988 4290 longa
1012 4210 1197 4273 defensioue
1219 4210 1355 4291 primum

53 4294 158 4365 tetum
179 4303 307 4367 infamia
330 4315 461 4387 purgat.
507 4301 589 4367 Cutn
613 4303 694 4364 cuim
719 4302 917 4384 Oppianicus
939 4312 1012 4364 ante
1036 4323 1134 4365 annos
1158 4313 1253 4377 octo,
1286 4302 1355 4365 Lu-
1421 4351 1425 4355 .

54 4389 113 4454 ullo
132 4407 159 4457 et
181 4396 280 4471 Cotta
302 4418 406 4472 coss,
442 4407 476 4458 ut
506 4417 603 4477 supra
631 4397 934 4473 demonstravimus,
966 4417 985 4457 a
1011 4395 1162 4460 Cluentio
1190 4409 1355 4459 aestuatus

56 4488 305 4555 annuntiatus
333 4500 435 4564 esset;
467 4489 617 4551 defensor
647 4488 713 4551 eius
737 4490 779 4552 L.
803 4490 950 4570 Quintius
977 4512 1045 4552 retu
1072 4490 1102 4553 in
1130 4489 1275 4555 invidiam
1300 4492 1355 4551 ad·

82 4658 100 4717 ¹l
115 4656 151 4709 De
168 4665 268 4731 Qatnu
289 4660 432 4717 sedtlttate
452 4676 565 4732 propter
584 4666 734 4733 temporis,
761 4679 791 4714 ut
811 4659 936 4723 udum,
963 4660 1161 4716 obscuritatem
1182 4678 1293 4735 prorsus
1314 4677 1355 4713 ta·

57 4737 93 4779 tu.
122 4734 181 4788 Eiet
201 4743 317 4790 comttta
338 4737 460 4790 aedilttts
482 4734 607 4789 obeunda
628 4753 706 4790 eraut
727 4752 821 4789 mense
842 4737 964 4806 Qulntill
984 4742 1050 4789 aunt
1071 4741 1146 4803 etus,
1175 4742 1221 4808 qut
1242 4737 1355 4788 Cicero·

56 4816 97 4855 ’Μ
113 4825 276 4879 praetorem,
302 4812 437 4885 Lepidum
458 4828 485 4865 et
505 4812 620 4865 Tullum
647 4829 716 4865 coss.
738 4811 845 4865 hebuit.
884 4811 927 4862 Its
948 4813 1069 4880 Quintus
1090 4817 1148 4867 suit
1168 4817 1248 4867 sauls
1269 4811 1355 4862 hono·

55 4890 98 4938 ¹²⁸.
119 4898 170 4938 tom
196 4893 225 4940 ln
245 4888 321 4943 Urbe
348 4892 537 4962 praetorium,
566 4903 624 4941 tum
649 4893 679 4941 ln
706 4892 769 4941 Asta
796 4883 994 4959 prouincialem
1020 4885 1169 4942 obtinebit.
1216 4883 1353 4937 'lunatslll

54 4945 119 5021 tut.
136 4978 160 5032 ρ.
180 4969 224 5019 12.
