3322 5578
627 376 869 449 HISTORIA.
997 410 1000 417 ⁴
1283 382 1289 394 ¹
1371 374 1466 441 99’
1522 396 1529 405 ’

75 517 289 596 necavisset,
326 517 428 583 lindie
463 529 495 583 te
535 518 612 581 istie
647 539 785 581 muscae
818 516 1057 582 comedissent.
1112 502 1273 582 Videntur
1306 530 1410 580 autem

74 612 223 676 consules
248 634 266 675 a
292 610 415 676 Sicinio
436 609 586 695 producti
614 610 731 689 luisse,
756 633 826 674 ctum
849 611 987 695 idcgit,
1020 622 1054 673 ut
1079 609 1246 674 tribunicia
1269 624 1412 693 potestas

70 706 193 790 populo
223 708 439 770 redderetur:
473 703 634 770 Asconius
669 704 715 767 iu.
733 704 877 770 Divinat.
913 706 945 768 in
977 707 1131 769 Verrem.
1162 727 1233 788 cap.
1263 707 1296 769 3.
1347 704 1411 770 Cn.

73 800 268 875 Octavium,
294 801 350 865 Μ.
372 799 491 875 filium,
515 799 667 882 optimum
689 812 783 885 atque
802 800 1057 864 humanissimum
1077 799 1197 873 virum,
1220 799 1409 863 familiarem

71 917 159 959 suum
185 893 335 959 nominat
353 892 470 959 Cicero
492 893 549 956 lib.
573 893 622 956 lt.
645 910 717 975 cap.
735 892 788 956 98.
804 895 841 957 de
854 894 961 957 Finib.
1006 892 1068 957 His
1079 893 1261 958 consulibus
1279 893 1411 969 Cicero,
1482 970 1483 973 Ἴ

72 1001 100 1051 at
122 990 200 1071 ipse
223 989 259 1052 in
281 991 394 1052 eodem
418 988 522 1051 Bruto
542 1009 614 1069 cap.
636 987 689 1050 99.
714 988 869 1075 ostendit,
894 1010 964 1050 eum
988 1010 1082 1051 ιιιιιιιιι
1104 1009 1236 1062 annium,
1260 1007 1412 1052 reversus

72 1106 106 1146 cx
129 1081 238 1157 Asia,
265 1103 377 1145 causas
399 1080 522 1144 nobiles
541 1081 683 1166 egisset,·
699 1094 898 1164 quaesturam
921 1080 1030 1164 petiit,
1055 1103 1124 1145 cum
1149 1080 1333 1155 aeona,
1358 1082 1414 1166 qui

72 1197 153 1242 anno
175 1175 366 1260 insequenti
380 1176 494 1240 consul
508 1175 586 1251 fuit,
611 1178 830 1253 consulatum,
854 1176 1049 1240 Hortensius
1067 1176 1257 1240 aedilitatem
1273 1186 1409 1257 peteret.

77 1272 290 1352 Quaestoriis
307 1269 463 1341 comitiis,
488 1292 568 1354 quae
590 1268 708 1335 tributa
727 1270 824 1333 fuisse
840 1268 933 1352 epist.
958 1271 1011 1333 st.
1035 1270 1118 1334 libro
1137 1270 1221 1334 Vll.
1238 1271 1277 1332 ad
1297 1268 1411 1332 Famil.
1457 1284 1460 1295 ’

77 1365 315 1450 cognoscitur,
349 1363 467 1429 Cicero
493 1376 645 1446 quaestor
677 1362 708 1426 in
735 1363 844 1446 primis
873 1364 994 1426 crunctis
1021 1363 1183 1449 suffragiis
1212 1376 1260 1427 est
1290 1365 1412 1440 lactura,
1526 1429 1530 1443 Ι

79 1459 226 1523 irorat.
256 1459 288 1524 in
311 1458 461 1523 Pisonem
489 1479 560 1540 cap.
585 1462 616 1522 1.
662 1461 746 1523 ldem
774 1457 915 1521 Verrius
938 1459 1021 1521 VII.
1049 1479 1121 1541 cap.
1146 1459 1198 1521 tt.
1223 1458 1285 1534 ait,
1316 1479 1350 1521 se
1371 1458 1414 1521 ita

85 1565 287 1636 quaestorem
308 1553 426 1616 iactum
448 1552 562 1628 l'uisse,
588 1565 621 1616 ut
640 1553 701 1617 sibi
724 1554 879 1618 honorem
902 1552 989 1615 illum
1010 1563 1074 1614 tum
1092 1573 1158 1616 uon
1175 1554 1278 1616 solum
1294 1554 1413 1628 datum,

86 1650 130 1712 red
149 1648 256 1711 etiam
279 1647 432 1711 creditmn
454 1668 491 1709 ae
513 1647 713 1711 commissum
737 1660 874 1730 putaret.
921 1648 957 1709 lu
983 1647 1086 1709 caussis
1106 1647 1163 1721 iis,
1193 1670 1273 1733 quas
1295 1646 1414 1713 Cicero
1533 1721 1536 1726 Δ

83 1764 116 1805 ex
142 1741 232 1806 Asia
263 1762 412 1804 reversus
448 1751 519 1805 ante
554 1754 754 1824 quaesturam
784 1741 870 1824 egit,
911 1761 1042 1805 numero
1073 1740 1252 1806 orationem
1283 1764 1344 1824 pro
1369 1742 1414 1823 Q.

81 1836 208 1901 Roscio
231 1833 442 1908 Comoedo¹;
472 1835 504 1896 id
526 1836 615 1919 quod
636 1834 803 1918 proposita
828 1832 1056 1899 constitutione
1077 1856 1190 1898 causae
1215 1835 1344 1919 planum
1366 1835 1415 1898 la·

80 1931 170 1994 dam.
219 1933 289 1995 Res
314 1928 432 2011 igitur,
466 1939 498 1991 ut
522 1952 562 1991 ex
586 1928 740 1994 orationis
760 1918 944 2013 fragmento
966 1930 1145 2016 colligitur,
1177 1929 1219 1992 ita
1243 1931 1415 1994 sehabet:

80 2022 118 2088 C.
140 2022 291 2089 Fannius
315 2021 457 2087 Chaerea
485 2044 613 2086 servum
642 2045 731 2086 ιιιιιιιι
756 2025 941 2108 Panurgum
967 2044 1165 2088 communem
1195 2044 1265 2086 cum
1291 2019 1415 2088 Roscio

82 2138 113 2180 ea
133 2118 214 2204 lege
235 2115 334 2191 iecit,
366 2127 401 2179 ut
422 2115 447 2179 is
471 2138 486 2178 a
510 2114 634 2180 Roscio
658 2128 725 2180 arte
753 2117 936 2180 laistriunica
959 2118 1179 2181 institueretur
1204 2130 1416 2203 quaestusque

80 2211 160 2274 inter
191 2231 252 2274 eos
282 2209 458 2273 corutuunis
487 2222 582 2273 esset.
633 2210 815 2274 lustitutum
843 2210 982 2274 artificio
1009 2212 1134 2276 eunuco
1160 2211 1345 2295 Panurgum
1370 2210 1415 2291 Q.

84 2306 217 2369 Flavius
242 2302 484 2390 Tarquiniensis
504 2303 630 2388 quidam
647 2304 819 2368 interiecit.
864 2308 900 2369 lu
923 2306 1002 2367 hanc
1022 2328 1087 2369 rem
1105 2307 1242 2370 Fannius
1265 2304 1419 2389 coguitor

87 2398 254 2463 aRoscio
284 2401 376 2461 datus
404 2398 482 2474 luit,
515 2401 569 2482 qui
590 2398 734 2462 Flavimu
764 2398 884 2464 iudicio
913 2400 1068 2464 DAMNI
1094 2400 1280 2464 lutvltta
1302 2396 1433 2483 Datt-

88 2489 198 2556 Roscii
224 2491 354 2554 nomine
380 2504 645 2577 persequeretur,
677 2513 739 2556 nou
762 2513 853 2555 secus
877 2504 971 2578 atque
996 2490 1023 2555 si
1047 2515 1098 2557 res
1124 2503 1297 2565 suasesset.
1343 2491 1419 2556 Lite

96 2596 269 2648 contestata
298 2585 436 2650 Roscius
465 2585 531 2649 siue
562 2587 686 2652 Fannio
712 2609 782 2649 enm
811 2586 926 2651 Flavio
951 2588 1063 2652 decidit
1085 2588 1158 2651 HS.
1179 2599 1304 2650 centum
1327 2584 1420 2651 milli·

97 2681 156 2743 bus.
204 2679 335 2743 Deinde
357 2678 400 2744 C.
421 2680 542 2744 Pisone
570 2693 649 2745 teste
678 2676 710 2745 et
738 2680 863 2744 arbitro
894 2682 1032 2745 Roscius
1062 2680 1277 2769 Fannionpro
1300 2699 1417 2762 opera,

92 2794 146 2856 pro
171 2774 309 2849 labore,
340 2777 429 2858 quod
458 2774 611 2860 cognitor
640 2775 767 2852 luisset,
800 2778 888 2860 quod
917 2775 1095 2865 vadimonia
1121 2774 1271 2851 obiisset,
1301 2786 1421 2839 certam

89 2868 253 2951 pecuniam
275 2868 360 2931 dedit
382 2870 441 2931 hac
463 2868 664 2944 conditione,
689 2881 741 2946 ut,
765 2870 792 2933 si
814 2870 890 2953 quid
904 2870 1042 2935 Fannius
1060 2891 1124 2952 pro
1140 2890 1196 2933 sua
1220 2881 1311 2952 parte
1333 2870 1421 2933 servi

89 2960 272 3046 interempti
291 2960 440 3028 aflario
460 2960 640 3045 exegisset,
663 2974 786 3046 partem
807 2963 874 3028 eius
892 2964 1047 3028 dimidiam
1067 2963 1190 3027 Roscio
1213 2962 1419 3031 dissolveret.

90 3057 168 3121 Post
201 3055 372 3120 triennium
404 3056 562 3130 Fannius,
600 3056 655 3139 qui
688 3059 822 3134 diceret,
858 3081 893 3122 se
925 3080 941 3120 a
975 3055 1090 3121 Flavio
1123 3056 1197 3120 nihil
1231 3054 1420 3135 abstulisse,

91 3150 245 3217 Roscium
265 3171 336 3213 cum
355 3172 395 3215 eo
416 3152 454 3214 de
475 3160 543 3212 tota
561 3170 596 3213 re
615 3172 677 3231 pro
696 3151 849 3215 societate
869 3150 1042 3226 decidisse,
1066 3149 1220 3215 Roscium
1242 3149 1273 3212 in
1292 3149 1340 3213 ius
1360 3170 1442 3214 ιιι-ι

92 3245 193 3321 cavit,
216 3255 251 3309 et
272 3245 345 3309 Hs.
368 3241 597 3328 qulnquaginta
621 3245 734 3321 millia,
765 3245 922 3309 dimidiam
946 3243 1068 3308 scilicet
1086 3254 1210 3325 partem
1235 3241 1302 3307 eius
1325 3264 1424 3325 pecu·
1512 3258 1516 3267 “

94 3338 178 3416 riae,
210 3360 305 3422 quam
326 3338 465 3402 Roscius
489 3359 506 3399 a
529 3337 644 3401 Flavio
672 3341 863 3415 abstulerat,
888 3339 996 3422 petiit,
1021 3350 1052 3401 et
1075 3336 1247 3420 sponsione
1267 3338 1423 3405 Roscium

94 3431 270 3507 lacessivit,
294 3432 336 3494 Ni
359 3432 419 3496 sibi
440 3432 493 3496 ille
512 3437 584 3501 Hs.
602 3433 722 3500 1000.
743 3437 887 3497 deberet.
928 3433 1033 3497 Datus
1052 3431 1164 3516 igitur
1176 3431 1272 3495 iudex
1290 3453 1309 3495 ιι
1329 3452 1424 3513 prae·

95 3536 161 3605 tote
179 3527 244 3588 fuit
260 3525 302 3590 C.
315 3527 395 3592 Piso
414 3550 484 3592 cum
502 3532 560 3593 bae
573 3531 727 3604 formula,
754 3530 786 3593 si
802 3538 894 3611 paret
909 3526 1063 3591 Roscium
1074 3526 1198 3591 Fannio
1214 3528 1287 3592 iPS.
1299 3524 1422 3592 100&

94 3622 247 3683 debere.¹
275 3620 375 3699 Quod
405 3619 524 3687 Cicero
554 3623 790 3687 euttmeratioue
818 3642 982 3684 causarum
1013 3620 1183 3685 debitionis
1212 3621 1326 3684 salsum
1353 3639 1423 3684 esse
1524 3646 1530 3665 ι

94 3715 208 3776 docet:
233 3733 335 3797 neque
357 3716 517 3780 societatis
543 3717 669 3787 nomine
693 3714 863 3802 quidquam
885 3737 902 3777 a
929 3714 1051 3779 Roscio
1078 3714 1147 3798 peti
1174 3734 1269 3797 posse
1291 3716 1422 3797 probat.

94 3805 263 3871 Corradus
293 3805 485 3874 Ciceronem
507 3813 589 3875 hanc
610 3832 736 3875 causam
759 3810 863 3894 egisse
883 3808 946 3874 Cn.
970 3806 1129 3895 Pompeio
1159 3821 1191 3872 et
1220 3810 1273 3873 Μ.
1302 3806 1424 3873 Crasso

94 3921 178 3963 eoss.
206 3920 291 3963 anno
319 3913 393 3983 post
426 3905 511 3966 hunc
538 3915 632 3969 sexto
661 3904 732 3968 inde
757 3916 867 3988 putat,
905 3904 994 3988 quod
1024 3914 1090 3966 tum
1119 3902 1161 3968 C.
1187 3904 1266 3968 Piso
1291 3914 1424 3985 praetor

92 3996 209 4059 luerit.
240 3998 296 4058 sed
315 3995 456 4071 sallinis,
489 3999 543 4083 qui
571 4022 611 4063 ex
636 3999 739 4064 iudice
764 4001 892 4082 privato
915 4009 1097 4082 praetorem
1120 3997 1209 4062 iacit.
1256 3998 1424 4062 Falluntur

91 4111 221 4175 quoqne
251 4090 314 4166 illi,
346 4091 402 4175 qui
427 4087 596 4157 Roscium
610 4092 810 4158 Comoedum
841 4106 912 4157 ante
944 4094 1130 4158 Amerinum
1160 4094 1323 4157 delemum
1353 4092 1426 4155 inde

90 4194 219 4266 putant,
244 4187 332 4268 quod
352 4195 428 4267 post
451 4185 598 4250 Amerini
618 4166 835 4253 defensionem
859 4186 1004 4253 Cicero'
994 4209 1026 4250 ιιι
1045 4188 1213 4252 Graeciam
1232 4186 1336 4251 statim
1352 4187 1424 4250 sue·
1471 4223 1493 4238 κ

89 4277 129 4340 rit
153 4277 339 4361 proiectus.
386 4279 461 4344 Hoc
481 4281 693 4362 temporeQ.
718 4280 872 4346 Roscium
901 4283 999 4346 luisse
1024 4282 1185 4346 defensum
1211 4303 1253 4345 ex
1280 4283 1426 4346 oratione

91 4370 321 4457 cognoscitur:
344 4371 376 4435 in
399 4394 461 4457 qua
485 4374 638 4437 Roscium
662 4375 792 4439 Sullano
815 4388 960 4457 tempore
983 4399 1053 4439 cum
1078 4376 1193 4440 Flauio
1217 4376 1369 4442 decidisse
1393 4385 1427 4438 et

93 4466 301 4548 quadriennio
323 4477 398 4549 post
419 4488 545 4530 causam
572 4480 673 4531 actam
699 4490 770 4534 esse
798 4482 908 4552 aperte
933 4469 1131 4554 significatur
1154 4492 1225 4554 cap.
1248 4470 1300 4533 19.
1321 4483 1352 4533 et
1373 4470 1450 4533 13.-

96 4561 169 4623 Roc
185 4580 269 4625 anno
285 4558 316 4623 in
327 4560 483 4643 Hispania
499 4565 651 4625 adversus
663 4563 841 4628 Sertoritam
858 4565 1011 4629 acerrima
1027 4564 1079 4626 illa
1092 4564 1215 4645 proelia
1230 4576 1263 4627 ct
1277 4563 1425 4638 maxima,

100 4656 298 4718 Sucronense
326 4664 359 4716 et
383 4654 556 4734 Doriense,
589 4657 756 4721 eorumissa
784 4670 873 4734 sunt3
904 4679 1039 4744 quorum
1063 4656 1202 4721 meminit
1222 4657 1340 4723 Cicero
1363 4675 1426 4740 pro

102 4748 201 4811 Balbo
222 4771 296 4831 cap.
317 4749 350 4810 9.
396 4750 448 4812 Τιι
472 4749 542 4813 vide
561 4750 794 4815 Plutarchum
785 4775 817 4815 ιιι
836 4749 1009 4928 Pompeio.

107 4943 229 5001 simod
250 4960 313 5019 sip·
335 4950 383 5009 15.
373 4965 430 5020 p..
449 4947 515 5007 501.
534 4949 585 5003 Ed.
604 4950 690 5022 Neap.
