3348 5584
606 408 845 484 HISTORIA.
1286 464 1289 469 ,
1337 410 1377 478 it
1438 410 1442 419 “

72 556 149 644 fidei
169 555 384 637 commissas,
415 567 454 624 ut
482 558 580 624 heres
607 558 767 635 relisisse,
797 555 969 622 seronlsut.
1015 553 1090 620 Non
1115 564 1185 618 erat
1207 550 1328 620 Cicero
1350 565 1386 618 ιιι

70 660 148 721 heres
174 656 301 719 relictus
330 675 432 738 aeque
460 655 617 718 secuudus
639 654 752 729 heres,
785 664 820 715 ut
842 649 1008 716 Corradus
1030 648 1160 714 scribit:
1192 651 1248 711 scd
1270 647 1386 712 Publi-

67 751 118 814 lies
136 748 202 814 sire
223 748 390 832 Popilius¹
411 746 552 812 attoriene
576 746 765 813 Ciceronem
795 748 941 810 heredem
975 744 1156 810 instituerat
1187 754 1219 807 et
1240 763 1383 827 rogere·

63 856 126 921 ιιι,
148 856 178 908 ut
197 843 401 907 hereditatem
424 844 573 907 redderet
592 861 668 905 suae
689 839 785 905 liliae.
829 839 1023 907 Huiusmodi
1046 840 1195 902 heredem
1218 835 1385 900 lldcieout-

64 936 228 1003 missariam
250 935 352 1001 dicia
373 935 624 1012 iurisconsultis,
653 933 745 999 etiam
769 933 799 998 in
823 922 957 999 Graecis
979 931 1148 998 Iustiniani
1167 930 1385 997 Constitutio-

64 1031 161 1107 eibos,
189 1043 300 1096 notum
323 1044 370 1096 est
388 1030 447 1109 iis,
478 1031 532 1117 qui
556 1029 657 1094 libros
679 1030 753 1094 illos
776 1050 839 1093 nou
862 1037 1087 1110 aspernantur.
1132 1025 1188 1090 Sic
1210 1028 1252 1091 P.
1276 1023 1384 1089 Sexti-

63 1123 262 1201 bullulas,
292 1126 386 1197 heres
409 1147 426 1191 a
450 1125 494 1207 Q.
518 1125 641 1191 Fabiol
665 1123 761 1189 Gallo
786 1123 943 1205 scriptus,
966 1133 1101 1207 rogatus
1124 1121 1203 1197 fuit,
1228 1133 1263 1185 ut
1283 1119 1385 1186 omnis

61 1217 208 1283 mrim
230 1220 270 1281 ad
290 1217 386 1283 hlium
410 1218 611 1302 pervenirem
635 1230 668 1283 ut
688 1230 736 1281 est
756 1218 814 1282 lib.
832 1218 882 1282 ΙΙ.
903 1239 975 1300 cap.
993 1220 1049 1281 tt.
1072 1219 1112 1280 de
1130 1215 1276 1283 Finibus.
1312 1217 1383 1280 Ve-

63 1334 127 1379 nun
151 1315 191 1377 ad
217 1311 409 1379 institutum.
461 1311 600 1378 Calenus
637 1317 723 1397 apud
751 1312 889 1376 Dionem
918 1313 976 1377 lib.
1004 1311 1144 1389 XLVI,
1176 1311 1229 1376 18.
1259 1308 1303 1375 aii
1331 1308 1385 1373 Μ.

63 1407 193 1471 Tullium
215 1421 327 1472 exacta
350 1419 453 1472 aetate
474 1407 629 1493 virginem
653 1407 801 1481 duxisse,
828 1402 884 1472 tia
906 1407 941 1472 ἐκ
962 1407 1020 1487 τῆς
1041 1401 1159 1484 οὐσίας
1178 1407 1383 1489 δανείσματα

63 1496 208 1593 ἀποτίσῃ,
229 1514 269 1566 ιιι
290 1503 383 1568 illiers
392 1500 634 1595 fucstltatibue
654 1525 690 1567 se
711 1524 792 1565 aere
810 1501 924 1565 alieno
944 1500 1120 1564 liberaret.
1166 1500 1380 1583 Quintilianus

62 1593 116 1659 lih.
134 1596 198 1659 vl.
220 1617 291 1679 cap.
313 1597 353 1672 i,
378 1599 451 1662 lim
472 1597 594 1663 Cicero
616 1595 896 1681 obiurgantibus,
918 1594 1010 1680 quod
1030 1594 1288 1678 sexagenarius
1311 1597 1379 1660 Pst-

63 1688 183 1755 bliliam
202 1690 373 1775 virginem
393 1691 573 1767 duxisset,
596 1693 685 1755 Grae
705 1689 830 1755 mttliet·
852 1689 936 1764 erit,
959 1687 1084 1774 inquit.
1128 1690 1206 1754 Lib.
1226 1691 1315 1754 XII.
1344 1691 1387 1754 ad

61 1784 125 1851 Αιι.
144 1784 194 1849 ii.
217 1784 357 1849 Publilia
377 1783 574 1860 nominatur,
607 1806 700 1871 quatu
726 1787 896 1849 secundam
920 1782 1088 1849 Ciceronis
1119 1804 1254 1849 texerent
1277 1782 1379 1848 ittissc

62 1877 194 1943 homiues
222 1881 310 1945 docti
337 1881 505 1944 affirmant.
549 1880 599 1945 Dc
626 1880 676 1944 his
706 1879 822 1962 nuptiis
850 1901 919 1942 cum
952 1875 1103 1944 Ciceroni
1132 1877 1196 1944 Cu.
1228 1878 1381 1944 Plancius

63 1974 231 2057 gratulatus
256 1986 360 2052 esset,
392 1974 511 2041 Cicero
538 1973 579 2038 ita
609 1976 772 2057 respondit
799 1973 895 2057 epist.
920 1975 973 2036 tt.
1004 1971 1061 2036 lib.
1085 1970 1151 2037 tv.
1183 1974 1224 2036 ad
1247 1973 1384 2038 Famil.t

61 2068 154 2151 Quod
173 2069 258 2133 ntilti
278 2070 321 2134 de
344 2093 404 2147 eo,
428 2070 522 2156 quoii
542 2069 690 2154 egerim,
715 2068 927 2152 gratulari-s,
950 2077 984 2130 te
1006 2065 1058 2131 itu
1078 2069 1161 2131 uelle
1181 2078 1277 2131 certo
1299 2066 1386 2134 acio.

61 2162 122 2226 Sed
137 2185 202 2249 ego
222 2176 298 2228 tam
318 2164 446 2231 mismo
470 2176 624 2249 tempore
653 2163 741 2226 nihil
768 2164 849 2227 noui
874 2160 1011 2226 consilii
1035 2162 1222 2244 cepionem,
1251 2160 1320 2225 nisi
1347 2162 1387 2224 in

61 2256 164 2321 reditu
184 2279 262 2325 meo
282 2259 390 2323 niltilo
412 2259 571 2322 meliores
590 2280 646 2323 ree
666 2258 872 2323 domesticae
902 2276 1007 2340 quam
1028 2277 1102 2320 rem
1123 2256 1299 2341 publicam
1324 2252 1388 2345 of·

53 2347 262 2440 sertdissem,
286 2365 406 2417 cetera.
453 2357 527 2418 Non
546 2353 587 2416 ita
605 2353 704 2417 multo
722 2364 816 2433 post,
840 2372 933 2439 quatu
950 2349 1073 2419 Cicero⁴
1091 2349 1262 2415 Publiliam
1286 2352 1387 2417 eluxe-

62 2456 121 2521 ιιι,
144 2446 248 2511 ΤιιΙΙὶι
270 2446 333 2509 lilia
357 2449 441 2530 apud
463 2448 635 2509 Lentulum
660 2446 787 2530 pariens
810 2446 962 2520 decessit,
999 2456 1032 2508 ut
1054 2445 1248 2509 Plutarchus
1274 2442 1388 2506 scribit

63 2560 90 2603 ι.
109 2544 158 2604 ll.
203 2540 366 2606 Asconius
389 2564 520 2628 quoque
544 2542 574 2604 in
600 2541 750 2606 Pisonem
773 2540 955 2623 (princip.)
985 2539 1082 2602 liliam
1108 2536 1279 2604 Ciceronis
1301 2537 1388 2619 apud

61 2632 98 2697 P.
119 2635 287 2699 Lentulum
315 2656 355 2698 ex
381 2647 475 2717 partu
502 2636 672 2701 (decessisse
694 2635 749 2700 ait.
795 2637 939 2718 Propter
963 2634 1090 2699 'lutitiae
1113 2645 1240 2716 pariunt
1267 2631 1386 2696 Cicero

63 2747 93 2789 se
111 2727 231 2793 Romae
256 2730 359 2793 teneri
387 2729 476 2794 initio
502 2730 577 2794 helii
605 2729 825 2813 Hispaniensis
853 2729 967 2796 scribit
989 2732 1028 2793 ati
1050 2731 1185 2812 Leptam
1210 2726 1305 2812 epist.
1331 2726 1385 2789 18.

63 2818 112 2886 lib.
130 2821 192 2887 vt.
213 2824 362 2891 rifan.
402 2824 578 2901 Lentulus,
604 2827 689 2906 apud
711 2845 803 2908 quesn
824 2824 931 2888 'l'ullia
952 2820 1105 2895 decessit,
1130 2834 1178 2887 est
1198 2822 1241 2886 P.
1257 2819 1386 2889 Corne·

65 2912 118 2979 tire
137 2915 326 2993 Dolabella,
350 2917 497 3003 quicum
521 2917 662 2984 Caesare
686 2919 718 2982 in
739 2920 895 3002 Hispania
915 2930 1004 2993 croit
1039 2929 1073 2981 ιιι
1096 2915 1215 2982 Cicero
1237 2916 1383 2999 Philipp.

66 3006 109 3072 ll.
135 3031 203 3095 cap.
227 3014 282 3077 30.
312 3023 345 3076 et
374 3013 580 3096 epistolarum
610 3016 649 3076 ed
669 3013 813 3078 Atticum
844 3013 899 3077 lib.
923 3012 1027 3078 Xlll.
1056 3011 1222 3077 ostendit.³
1270 3012 1386 3095 ltaque

98 3197 123 3258 i)
140 3196 236 3249 Verior
253 3201 391 3268 scriptura
410 3215 453 3252 ιιι
473 3197 617 3254 Publilium.

95 3274 251 3332 siliceum
272 3272 369 3327 Fadio.

96 3348 123 3410 3)
142 3348 180 3400 lle
200 3363 258 3401 tota
279 3352 331 3400 ista
353 3368 381 3401 re
400 3354 468 3403 satie
488 3349 604 3404 obscura
624 3348 676 3405 cir.
698 3368 807 3426 praeter
826 3350 987 3405 Middleton
1008 3356 1062 3406 vit.
1085 3352 1148 3406 Cic.
1166 3351 1202 3407 Τ.
1224 3359 1251 3414 5.
1274 3373 1302 3427 p.
1322 3360 1389 3416 218.

65 3422 166 3494 interpr.
186 3422 300 3489 setdet,
325 3426 463 3481 Tunstall.
491 3446 517 3501 p.
539 3433 602 3487 182.
625 3445 698 3500 seqq.
740 3426 895 3481 Videndum
923 3445 982 3494 est,
1008 3433 1142 3482 Asconius
1165 3428 1388 3503 Plutarchusque

64 3496 179 3550 liceatne
197 3498 321 3553 Tulliam
340 3499 505 3569 decessisse,
531 3521 593 3556 cum
613 3503 724 3558 Lassus
744 3522 820 3557 uuor
838 3513 918 3570 erat,
946 3519 981 3557 au
1001 3503 1076 3558 donst
1097 3504 1215 3559 mutuli.
1251 3505 1387 3577 Equidem

69 3570 127 3625 illud
138 3574 269 3629 arbitror:
289 3592 351 3629 nem
365 3576 457 3630 Tullia
472 3583 500 3632 in
514 3584 601 3653 patris
612 3579 771 3635 Tusculano
785 3579 895 3634 ridetur
908 3579 1021 3635 obiisse.
1041 3579 1100 3634 Cir.
1113 3580 1243 3635 Tunetell
1256 3600 1282 3654 p.
1293 3583 1339 3640 62.
1350 3608 1389 3627 -·

70 3644 123 3700 lice
140 3644 222 3702 alium
240 3667 257 3703 e
278 3650 308 3705 Ρ.
328 3653 460 3707 Cornelio
478 3656 628 3708 Dolabella
655 3659 774 3730 intelligi
798 3656 832 3708 ah
854 3659 975 3711 Asconio
1000 3671 1028 3711 ιι
1049 3656 1219 3723 Plutarcho,
1243 3657 1387 3729 colligitur

75 3738 201 3777 eteorum
222 3725 313 3781 verbis
339 3745 365 3783 c.
385 3731 431 3786 tt.
467 3730 586 3785 Accedit
606 3730 768 3785 Macrobius
788 3732 846 3786 Set.
867 3739 898 3795 2.
919 3736 963 3800 Su
989 3737 1037 3807 qui
1057 3732 1156 3787 itidem
1176 3732 1320 3787 Ciceronis
1341 3750 1388 3805 ge-

77 3812 154 3852 strum
179 3800 347 3877 simpliciter
373 3804 521 3858 Lentulum
549 3805 681 3880 appellet.
718 3807 788 3863 Seii.
810 3810 946 3863 Asconius
976 3827 1002 3880 p.
1023 3812 1051 3868 5.
1076 3806 1120 3864 ed.
1141 3808 1262 3863 Reiteri:
1289 3808 1388 3861 Cicero

73 3869 149 3942 ,lisa
162 3885 229 3946 port
247 3887 367 3931 nortem
380 3880 492 3933 Pisonis
509 3888 608 3950 generi
627 3882 659 3937 P.
674 3881 791 3936 Lemnio
810 3885 979 3949 collocavit,
997 3882 1075 3953 aptsd
1090 3901 1169 3956 quem
1184 3884 1235 3937 sisa
1251 3902 1289 3936 ex
1298 3892 1388 3952 parsu

76 3945 191 4037 {afecth
217 3967 245 4007 ιι
266 3954 449 4011 Plutarchus:
475 3957 613 4033 Ιῄμαιτι
638 3954 662 4015 d'
688 3957 774 4030 αὐτῷ
796 3960 860 4035 μετ’
889 3962 927 4017 οὐ
949 3957 1046 4017 πολὺν
1060 3957 1179 4037 χρόνον
1200 3959 1223 4034 ὴ
1241 3957 1386 4035 θυγάτηρ

76 4032 197 4113 sagdam
222 4027 370 4087 sistrorum
391 4028 479 4109 παρὰ
500 4028 639 4105 Λέντλῳ·
668 4034 766 4105 rodttp
790 4036 851 4112 γὰρ
877 4034 932 4112 lya
958 4032 1014 4107 ἡθι
1047 4030 1128 4112 μετὰ
1154 4031 1211 4110 τὴν
1234 4037 1388 4099 Πείσωνος

76 4114 119 4156 tou
138 4101 288 4178 spote'puo
312 4102 424 4179 eripio
447 4106 596 4180 τελευτήν.
632 4107 685 4161 Sed
706 4109 844 4180 quomodo
864 4110 896 4165 P.
943 4126 1010 4162 orne
1024 4113 1065 4163 lus
1084 4108 1229 4163 Dolabella
1242 4109 1387 4163 Ciceronis

73 4189 144 4303 zu
161 4179 297 4233 botulus
324 4186 417 4234 vocari
444 4186 582 4255 potuerit,
606 4202 663 4236 non
690 4188 757 4238 satis
779 4187 882 4256 liques,
907 4202 971 4239 cum
992 4185 1185 4239 Corneliorum
1207 4185 1390 4239 Lentulorum

119 4252 165 4307 ilia
181 4258 301 4329 patricie
320 4254 426 4309 diverse
445 4254 529 4312 luerit
549 4274 564 4309 a
585 4257 693 4330 plebeia
714 4260 907 4315 Corneliorum
927 4259 1151 4321 Dolehclierom;
1178 4265 1235 4315 nisi
1255 4277 1320 4313 sero
1339 4260 1390 4313 ed·
1459 4290 1462 4299 ι

72 4338 165 4391 estates
182 4346 226 4382 eet
246 4346 261 4380 ι
282 4331 399 4384 haculo
419 4331 527 4405 aliquo:
556 4331 639 4408 idque
668 4333 816 4392 admodum
842 4336 987 4411 probabile
1012 4337 1128 4390 videtur.
1167 4338 1221 4391 Pro
1246 4352 1326 4391 mero
1345 4355 1390 4392 er-

71 4415 121 4454 tare
139 4406 251 4459 Asconii
277 4423 303 4459 ιι
324 4406 464 4462 Plutarchi
490 4408 532 4462 rel
556 4414 720 4485 scriptoris,
746 4428 827 4484 quem
854 4429 968 4486 uterque
989 4427 1101 4467 secutus
1121 4427 1181 4479 cst,
1206 4410 1270 4467 ideo
1291 4411 1388 4468 heberi

70 4484 165 4548 nequit,
185 4478 260 4552 quod
272 4481 372 4536 Cicero
392 4500 468 4537 certe
487 4484 585 4539 hahuit
605 4495 748 4557 saepetem,⁸
768 4484 803 4539 ed
819 4491 904 4542 Attio.
917 4493 970 4551 12,
992 4494 1037 4547 is.
1057 4486 1118 4553 (uhi
1137 4492 1196 4542 eius
1216 4506 1318 4543 nomen
1333 4507 1389 4542 non
1474 4504 1477 4507 ·

69 4550 199 4630 thuarJ:
226 4555 346 4611 eundem
366 4573 459 4611 uocem
479 4577 539 4614 csse
559 4577 624 4615 com
644 4561 762 4615 Βιηιιὶο
778 4581 883 4631 patero,
904 4580 985 4636 quem
1006 4561 1182 4617 commendet
1203 4565 1299 4621 Attico
1319 4562 1387 4618 ibid.

70 4624 278 4761 meatim,
297 4637 386 4687 risum
406 4650 449 4689 est
468 4652 558 4702 recte,
578 4640 608 4689 ni
628 4633 727 4702 leilor,
750 4640 890 4707 Corredo,
911 4640 1014 4703 bosio,
1034 4637 1196 4693 Tuostello:
1219 4656 1388 4714 quamquam

157 4711 198 4761 lue
216 4707 253 4762 de
273 4709 379 4783 pupilio
398 4709 495 4783 eliquo
516 4713 675 4770 Ciceronis.
697 4731 754 4767 nou
772 4732 890 4789 nepote,
915 4718 1030 4786 cogitat·
1069 4715 1171 4769 stetin
1194 4734 1257 4791 post
1277 4734 1388 4794 partum

71 4794 133 4835 certe
150 4782 322 4839 concaluisse
340 4785 461 4840 Tulliam
480 4785 654 4843 demonstret
674 4787 708 4842 ed
728 4790 826 4847 lamii.
845 4795 881 4856 6,
904 4798 948 4852 18.
979 4791 1031 4843 Me
1043 4789 1146 4843 uam..
1166 4800 1256 4845 tenuit
1274 4799 1389 4848 omuino

72 4851 167 4910 Tema
185 4877 262 4912 meae
277 4869 389 4932 pertus.
425 4862 484 4917 ses
500 4882 561 4917 cum
580 4881 631 4930 ee,
657 4866 885 4936 quemadmodum
903 4883 1003 4936 spero,
1022 4871 1095 4919 cestr
1103 4865 1197 4939 firme
1215 4875 1271 4935 sit,
1291 4879 1390 4924 teneor

73 4936 168 4999 luen,
190 4934 259 4987 duee
277 4954 296 4988 e
315 4936 484 4993 Dolabellae
498 4941 733 5012 procuratoribus
750 4946 867 5012 exigent
883 4948 1007 5012 primam
1022 4949 1193 5015 pensionem.
1231 4946 1274 4999 ha
1294 4961 1387 5000 temen

75 5004 132 5067 haec
149 5010 294 5070 conciliari
314 5029 431 5093 possum
449 5032 513 5074 cum
531 5016 693 5081 narratione
712 5019 826 5076 asconii
846 5034 874 5081 et
893 5019 1036 5080 Plutarchi
1059 5036 1142 5099 etque
1161 5020 1301 5081 Tucssslll
1321 5025 1389 5101 upl-
