3322 5578
268 297 309 359 to
619 270 622 277 ’
674 293 1195 361 a1.'rttt.t.11clcssttottts

270 452 318 503 est
347 442 400 503 lex
423 437 598 522 Calpurnia
621 441 659 501 de
683 437 819 514 ambitu,
852 458 945 522 quam
966 438 1166 502 severissime
1189 438 1339 522 scriptam
1362 438 1458 503 fuisse
1480 437 1586 505 Cicero
1644 468 1645 477 ¹

268 554 332 616 pro
359 534 498 597 Murena
527 554 598 616 cap.
623 533 676 597 93.
707 533 764 596 ait.
808 533 931 596 Iudicta
959 545 1049 595 erant
1074 546 1139 597 turn
1163 534 1309 610 comitia,
1342 547 1529 619 antemnae,
1558 548 1587 597 ut

266 627 334 693 Dio
363 627 492 702 scribit,
523 628 600 690 nibil
629 626 768 690 sciscere
797 626 934 689 licebat:
965 629 1038 702 scd,
1071 650 1140 693 cum
1166 627 1291 691 interim
1322 628 1476 692 candidati
1503 630 1586 692 rurdta

268 721 392 786 nefaria
413 722 558 786 facerent
580 724 756 807 caedesque
781 722 914 796 fierent,
945 733 1073 784 senatus
1095 720 1259 797 decrevit,
1284 734 1335 795 ut,
1360 733 1522 806 antequam
1542 725 1588 785 lex

268 820 307 880 de
330 817 450 880 ambitu
475 816 538 879 latu
564 828 666 891 esset,
698 815 825 879 comitia
850 838 886 877 nc
908 817 1121 892 haberentur,
1153 829 1183 878 et
1203 817 1387 880 consulibus
1409 817 1587 922 praesidium
1644 832 1645 861 ³

266 913 411 974 daretur.
460 894 625 975 Encitatit
655 913 746 975 etiam
779 912 889 972 turbas
911 908 1101 984 Cornelius,
1136 922 1170 972 ut
1191 911 1258 975 Dio
1285 926 1315 974 ct
1338 911 1498 974 Asconius
1519 912 1586 974 scri

268 1008 366 1068 bunt:
395 1007 439 1067 ob
469 1029 547 1089 quas
577 1030 647 1070 cum
678 1007 772 1068 dilata
803 1003 930 1067 comitia
958 1016 1081 1081 essent,
1114 1004 1233 1068 Cicero
1257 1016 1305 1067 ter
1328 1019 1461 1088 praetor
1479 1005 1589 1088 primus

269 1099 419 1163 centuriis
444 1101 565 1164 crunctis
588 1101 781 1164 renuntiatus
803 1112 868 1174 est,
901 1109 934 1160 ut
958 1098 1024 1179 ipsc
1046 1051 1081 1161 iti
1099 1099 1273 1162 Maniliana
1295 1120 1368 1182 cap.
1394 1105 1426 1163 l.
1452 1110 1589 1162 testatur.

267 1194 405 1258 Licebat
423 1206 525 1259 autern
542 1195 570 1258 ci
585 1208 764 1279 praeturam
781 1206 891 1276 petere
914 1195 976 1258 boe
995 1207 1140 1276 tempore
1159 1195 1288 1258 biennio
1309 1207 1385 1279 post
1399 1192 1589 1258 aedilitatem.

271 1287 357 1352 Vide
390 1290 482 1371 epist.
507 1291 560 1352 95.
595 1289 651 1351 lib.
676 1291 722 1352 X.
758 1292 797 1350 ad
820 1290 907 1355 Fam.
956 1289 998 1351 ln
1026 1302 1195 1371 praeturae
1229 1290 1382 1371 petitione
1414 1290 1591 1371 competito-

267 1405 320 1446 res
339 1382 479 1447 illustres
496 1385 610 1446 rnrrltos
626 1406 696 1445 cum
718 1385 866 1456 babcrct,
892 1395 1024 1464 praetor
1040 1376 1161 1464 primus
1176 1383 1358 1467 designatus
1376 1396 1443 1461 cst,
1469 1396 1587 1447 auctore

270 1478 458 1542 Plutarcho.
499 1479 579 1561 ‘Ipse
609 1489 775 1559 praeterea
804 1477 835 1539 in
860 1478 965 1541 Bruto
993 1499 1027 1540 se
1063 1490 1094 1539 et
1127 1489 1309 1560 praetorem
1338 1477 1474 1559 primum
1501 1477 1589 1541 etin-

180 1620 186 1631 ,
272 1572 416 1635 credibili
446 1573 560 1655 populi
591 1573 753 1635 voluntate
782 1593 851 1635 csse
879 1572 998 1635 facttum
1024 1571 1067 1634 ait
1094 1593 1166 1654 cap.
1192 1573 1245 1634 93.
1290 1573 1378 1636 Idem
1399 1571 1429 1635 in
1454 1570 1592 1636 Pisonem

268 1689 340 1749 cap.
366 1670 396 1730 1.
421 1668 601 1731 coufirmat.
647 1666 765 1731 Cicero
792 1666 892 1751 igitur
919 1678 1053 1746 praetor
1081 1666 1223 1747 primus,
1253 1666 1284 1729 id
1313 1678 1362 1729 est
1390 1667 1496 1748 primo
1524 1667 1589 1730 loco

269 1761 393 1836 sactus,
415 1762 530 1825 suiten
547 1775 622 1825 octo
639 1762 716 1836 illis,
742 1763 795 1844 qui
818 1772 881 1822 tum
905 1760 1035 1822 liebant.
1080 1761 1255 1827 Praetores
1278 1782 1348 1822 cum
1365 1759 1523 1825 Cicerone
1544 1763 1591 1822 de·

267 1855 384 1941 signati
406 1867 529 1938 septem
554 1856 585 1918 bi
606 1856 752 1928 bierunt,
778 1854 823 1935 Q.
845 1853 1014 1917 Voconius
1035 1855 1143 1930 Naso,
1169 1856 1222 1917 M.
1242 1853 1445 1930 Plaetorius,
1470 1853 1510 1918 C.
1527 1855 1592 1917 Fla·

268 1950 398 2027 minius,
430 1948 472 2015 C.
497 1950 689 2027 Orchinius,
720 1949 762 2015 C.
788 1948 949 2031 Aquillius
968 1950 1099 2024 Gallus,
1130 1950 1172 2012 P.
1197 1949 1348 2027 Cassius,
1379 1962 1411 2013 et
1434 1948 1476 2014 C.
1497 1952 1592 2014 Anto·
1644 2018 1645 2021 Ἴ

267 2046 356 2129 uiris:
389 2044 509 2111 Cicero
531 2067 595 2127 pro
619 2045 770 2109 Cluentio
799 2065 872 2125 cap.
897 2046 950 2106 39.
981 2056 1012 2106 et
1035 2045 1089 2106 53.
1113 2055 1145 2106 et
1170 2043 1341 2110 Asconius.
1383 2044 1436 2107 De
1466 2042 1592 2107 comitiis

265 2139 437 2222 praetoriis
452 2140 518 2223 agit
534 2138 652 2203 Cicero
670 2140 805 2221 epistola
821 2140 853 2202 8.
870 2149 902 2201 et
918 2138 949 2200 9.
970 2138 1027 2200 lib.
1041 2139 1071 2201 1.
1096 2140 1136 2200 ad
1149 2142 1221 2202 Att.
1245 2160 1326 2221 quae
1344 2140 1408 2203 hoc
1424 2158 1507 2202 anno
1521 2135 1591 2200 scri·

265 2245 340 2316 ptae
364 2233 505 2297 fuerunt.
552 2235 589 2295 Iu
615 2254 696 2296 noua
716 2233 900 2296 candidatos
920 2233 1064 2295 orunibus
1085 2232 1302 2323 iniquitatibus
1324 2234 1486 2297 exercitos
1505 2228 1592 2295 fuisse
1644 2276 1645 2289 .

267 2338 415 2391 testatur.
446 2329 603 2392 Extremo
628 2329 720 2391 buius
737 2328 807 2390 anui
824 2348 947 2398 rtreusc,
965 2349 994 2388 a.
1006 2329 1038 2389 d.
1052 2328 1117 2391 tv.
1146 2326 1380 2389 ld.Decerubr.
1400 2329 1506 2411 (quem
1521 2326 1592 2388 dicu

215 2413 218 2421 ’
262 2423 464 2487 tribunorum
485 2423 572 2505 pleb.
595 2423 733 2486 ineundo
753 2422 948 2506 magistratui
968 2421 1152 2485 sollemnem
1170 2420 1267 2483 fuisse
1290 2441 1332 2483 ex
1356 2420 1454 2485 Livio
1477 2421 1531 2484 lib.
1548 2421 1587 2481 V.

266 2539 339 2600 cap.
360 2518 392 2581 9.
417 2529 448 2580 et
464 2516 624 2597 Dionysio
646 2516 785 2580 tinvl.
804 2516 946 2597 captiti.
970 2517 1071 2597 patet)
1096 2512 1137 2578 C.
1155 2513 1308 2577 Manilius
1328 2515 1491 2579 tribunatu
1508 2513 1590 2584 inito,

264 2623 341 2693 post
360 2612 516 2693 pauculos
531 2611 597 2673 dies
612 2608 769 2673 ‘subnixus
792 2609 1011 2672 libertinorum
1037 2622 1069 2672 et
1088 2630 1255 2672 servorum
1279 2631 1371 2672 rnanu
1392 2612 1497 2695 legem
1517 2608 1590 2681 tulit,

263 2718 299 2768 ut
316 2703 473 2767 libertinis
495 2702 525 2765 iu
549 2702 695 2767 omnibus
719 2703 865 2765 tribubus
892 2703 1081 2785 suffragium
1107 2716 1208 2778 esset;
1238 2716 1353 2768 urrctor
1380 2703 1540 2769 Asconius
1563 2702 1589 2763 iu

265 2797 487 2863 Cornelianaru
506 2809 537 2859 et
553 2797 776 2861 Milonianam
822 2799 931 2881 Atque
953 2798 1016 2859 boc
1033 2796 1098 2860 Dro
1121 2798 1176 2862 lib.
1194 2799 1365 2862 XXXVI.
1384 2799 1438 2863 25.
1461 2800 1501 2861 ita
1521 2795 1591 2862 seri-

263 2893 329 2957 bit.
354 2917 399 2957 τω
384 2892 510 2997 ἔ9νει
528 2893 572 2984 τῷ
589 2893 652 2958 τῶν
666 2886 901 2977 ἁπελειιθὲρωι
922 2892 956 2959 aa
975 2917 1007 2958 ιι
1031 2896 1067 2985 τῇ
1083 2888 1202 2986 ἐσχάτη
1222 2895 1279 2960 noti
1299 2894 1392 2971 stoue
1409 2889 1525 2984 ἡμέρᾳ,
1545 2895 1593 2956 καὶ

263 2982 347 3095 πρὸς
368 2961 524 3073 iuniperi,
552 2960 811 3072 παρασκευάσας
842 2982 933 3063 τιιὰς
961 3012 996 3051 ια
1024 3012 1082 3053 τιιυ
1109 2983 1241 3073 ὁμίλου,
1272 2988 1504 3079 ψηφίσασθαι
1519 2980 1593 3072 μετὰ

264 3083 326 3147 τῶν
355 3075 683 3169 ἐξιλευ9ερωσαιτωι
709 3103 799 3185 ιιφας
828 3079 952 3147 ἔδωκεν.
997 3081 1144 3162 Quorum
1175 3084 1349 3146 verborum
1379 3080 1591 3157 septenum

264 3178 362 3239 docto
385 3174 562 3257 interprete
584 3174 744 3239 nonsatis
767 3178 848 3238 bene
868 3197 1038 3259 expressa,
1063 3179 1142 3238 baec
1157 3188 1222 3239 est.
1241 3175 1418 3241 Manilius
1433 3172 1592 3239 libertinis

264 3282 424 3335 extremo
445 3290 530 3332 anm
522 3269 681 3333 diesteh
697 3291 893 3352 vesperam,
916 3270 1131 3351 comparatis
1144 3270 1318 3334 nonnrdlis
1333 3293 1351 3333 e
1366 3268 1590 3341 mzdttrudtnc,

263 3366 339 3449 lege
361 3366 435 3426 lota
455 3363 569 3438 dedit,
593 3375 631 3426 ut
652 3385 730 3425 eum
747 3362 910 3444 patronis
932 3363 1005 3426 suis
1026 3361 1206 3451 suffragio
1215 3361 1378 3454 ferrent.

366 3619 470 3682 Anno
492 3616 594 3679 Urbis
617 3586 1100 3681 DCLXXXVII..Cieer-onir
1122 3620 1218 3682 XLI.
1240 3638 1330 3681 coss.
1342 3615 1505 3708 fuerunt

316 3762 376 3835 Μ’.
406 3758 637 3835 AttttthtS
665 3758 905 3855 LEPIDUS,
944 3759 988 3833 L.
1016 3760 1306 3837 VOLCATIUS
1335 3763 1367 3834 T
1373 3760 1548 3838 ULLUS.

352 3919 424 3980 Hos
441 3918 588 3979 consules
603 3914 742 3978 nominat
758 3914 876 3979 Cicero
896 3914 925 3976 in
943 3913 1038 3979 Catil.
1055 3916 1084 3977 l.
1102 3937 1171 3997 cap.
1184 3916 1216 3978 6.
1241 3928 1273 3978 et
1288 3937 1350 3996 pro
1367 3918 1456 3981 Sulla
1478 3939 1546 3999 cap.
1562 3917 1590 3975 lt.

234 4066 238 4075 ,
267 4010 382 4097 quibus
396 4009 465 4092 ipse
481 4009 557 4072 Kal.
575 4008 727 4072 lacunariis
745 4020 925 4090 praeturam
943 4008 1028 4080 iniit,
1051 4030 1143 4091 quam
1158 4010 1221 4072 hoc
1234 4031 1317 4072 anno
1335 4011 1447 4093 gessit.
1478 4010 1596 4075 Iudicat

266 4103 430 4168 Asconius
450 4103 480 4164 in
505 4102 728 4165 Cornelianum
751 4102 855 4183 princ.
889 4103 967 4179 (Ed.
985 4102 1068 4164 Bait.
1094 4124 1128 4183 p.
1141 4103 1211 4181 59.)
1233 4103 1414 4186 Sequenti,
1440 4104 1594 4188 inquiens,

268 4220 362 4279 auno
373 4199 428 4262 Μ’
432 4243 441 4259 .
451 4198 592 4280 Lepido,
606 4199 647 4259 L.
659 4196 815 4260 Volcatio
829 4216 931 4269 cosm,
943 4216 1011 4281 quo
1021 4216 1112 4257 auno
1121 4207 1264 4276 praetor
1272 4199 1391 4262 Cicero
1393 4195 1493 4288 fuit,
1505 4200 1596 4261 reum

268 4293 466 4357 Cornelium
486 4293 556 4353 ‹tuo
565 4288 713 4380 fratres
726 4289 876 4355 Cominii
896 4293 970 4371 lego
985 4288 1146 4353 Cornelio
1166 4288 1208 4350 de
1229 4291 1409 4354 maiestate
1413 4291 1593 4382 fecerunt·

267 4382 390 4451 Inclicat
417 4385 498 4446 idem
522 4384 641 4450 ,Cicero
669 4405 730 4465 pro
751 4382 864 4447 Caelio
891 4404 963 4462 cap.
987 4387 1019 4443 lt.
1063 4382 1139 4444 Fuit
1160 4384 1324 4447 assiduus
1349 4408 1482 4448 meeum
1501 4405 1596 4469 proe-

266 4491 342 4540 tore
358 4497 429 4537 me:
451 4498 520 4539 ιιοα
534 4488 677 4543 nouerat
692 4475 1085 4563 catilinamrAsrtcam
1098 4488 1173 4538 tum
1187 4490 1331 4558 praetor
1346 4478 1402 4541 itte
1417 4477 1594 4548 obtinebat,

158 4600 162 4609 ¹
268 4580 408 4634 secutus
419 4582 471 4631 est
481 4591 607 4646 onnus,
617 4590 764 4635 ¹retrusam
776 4569 979 4673 depecuuiis
994 4570 1351 4651 repetundisCatilina
1364 4573 1470 4637 dixit.
1495 4572 1596 4652 Quare

271 4663 298 4725 si
320 4661 456 4727 Catilina
481 4682 606 4725 cattsam
630 4667 668 4725 de
690 4661 831 4744 pecuniis
852 4661 1037 4742 repetundis
1060 4685 1142 4729 anno
1169 4677 1321 4747 sequente
1341 4665 1440 4730 Cotta
1462 4677 1494 4729 et
1515 4666 1596 4727 Tor·

271 4767 370 4837 quato
391 4775 478 4817 coss.
499 4753 594 4825 dixit,
620 4766 654 4817 ut
670 4776 710 4817 ea
727 4753 870 4817 Asconio
890 4766 921 4815 et
937 4754 1082 4817 oratione
1101 4778 1163 4838 pro
1182 4758 1271 4821 Sulla
1290 4761 1514 4843 cognoscitur,
1539 4757 1597 4816 boc

270 4869 372 4926 anno,
397 4868 464 4933 quo
483 4847 535 4909 ille
552 4846 697 4911 Africam
722 4846 875 4923 obtinuit,
902 4842 1018 4911 Cicero
1036 4860 1169 4931 praetor
1185 4850 1309 4915 Romae
1329 4851 1410 4917 fuit:
1435 4852 1522 4937 qttod
1534 4845 1594 4912 Dio
