3322 5578
275 359 318 427 88
683 365 737 433 Μ.
762 364 926 435 TULLII
948 362 1221 433 ctcnuonts-

277 503 337 569 lib.
360 506 462 575 Xlll.
492 507 532 572 ad
555 509 646 575 Fam.
698 512 780 575 Erat
812 521 916 574 autem
946 512 1000 575 M.
1030 510 1155 573 Tullius
1183 520 1330 593 ternpore
1359 506 1436 574 belli
1463 508 1600 579 Africani

280 602 406 667 Romae
429 626 487 667 nec
508 605 579 670 lere
605 604 713 669 exibat
734 616 871 687 propter
890 603 993 667 varias
1011 604 1174 669 bominum
1194 604 1410 688 suspicionest
1433 628 1512 691 quas
1526 609 1600 672 Var-
1645 620 1646 625 ’

279 698 354 761 roni
370 697 505 781 exponit
520 700 615 782 epist.
633 701 664 764 i.
682 699 739 763 lib.
756 699 821 767 IX.
839 701 879 762 ad
895 701 986 762 Fam.
1015 700 1091 764 Fuit
1106 700 1197 763 etiam
1213 700 1281 763 ruri
1295 699 1326 763 in
1344 699 1442 776 villis3
1466 700 1556 783 epist.
1570 706 1598 766 t.
1645 756 1646 797 p

279 791 354 857 libri
376 794 460 857 Xll.
490 796 530 856 ad
553 794 757 870 Attic.,-ubi
780 793 878 856 Hirtii
906 804 938 856 et
961 794 1054 856 Balbi
1076 792 1351 859 Caesarianorum'
1371 795 1527 874 meminit,
1554 796 1601 879 qui
1645 858 1646 885 3

280 886 346 951 boc
368 888 454 951 bello
477 888 633 952 Africano
656 889 781 952 Romae
802 887 949 965 suertmt,
986 898 1021 950 ut
1043 889 1219 969 permultae
1242 888 1396 971 epistolae
1419 892 1457 952 ad
1479 889 1600 953 familia·

280 1000 334 1044 res
363 993 429 1043 tum
458 983 598 1064 scriptae
629 984 814 1057 ostendunt3
843 982 876 1044 in
906 983 1022 1067 quibus
1051 996 1124 1048 stant
1151 987 1191 1047 ad
1213 987 1398 1057 Varronem
1426 995 1459 1047 et
1478 986 1600 1049 Pactum
1645 952 1646 1039 l

280 1075 454 1156 pleraeque
483 1075 539 1140 lib.
569 1076 635 1139 IX.
664 1078 704 1140 ad
733 1075 847 1139 Famil.
901 1077 1160 1161 conquiescebat
1189 1078 1242 1143 M.
1267 1078 1392 1143 'l'ullius
1419 1079 1452 1143 in
1482 1077 1599 1151 studiist
1644 1044 1646 1091 ⁴

282 1168 378 1251 epist.
402 1173 434 1233 o.
465 1168 538 1232 libri
560 1169 625 1234 IX.
656 1172 695 1233 ad
718 1170 833 1235 Fannii.
864 1172 1052 1254 =scripsisse
1075 1173 1163 1235 illum
1189 1195 1229 1238 eo
1251 1185 1396 1256 tempore
1418 1171 1601 1239 Partitiones
1645 1170 1646 1181 ’

240 1295 242 1299 .
281 1263 440 1333 oratorias
464 1262 629 1328 Corradus
650 1277 760 1358 putat,
792 1265 884 1328 etde
908 1267 1030 1343 Bruto,
1066 1266 1121 1350 qui
1149 1278 1197 1331 est
1226 1270 1264 1332 de
1286 1267 1381 1331 claris
1404 1266 1599 1342 Oratoribus,

284 1379 362 1423 vere
385 1358 537 1435 affirmat,
562 1379 631 1421 eum
655 1358 731 1424 vivo
755 1358 924 1422 etiamtunc
937 1359 1061 1424 Catone
1083 1362 1235 1444 scriptum
1259 1382 1347 1427 csse:
1371 1361 1516 1447 quamvis
1535 1381 1601 1443 pro-

285 1454 422 1519 oemium
445 1475 527 1516 anno
557 1466 708 1537 sequente
736 1454 855 1517 editum
881 1454 980 1518 luisse
1010 1457 1168 1519 ostendat.
1220 1454 1344 1521 Cacsar
1375 1456 1467 1520 initio
1499 1452 1599 1517 mensis

284 1547 425 1630 Aprilis,
450 1561 483 1609 ut
507 1546 633 1611 Hirtius
654 1546 780 1627 scribit,
802 1548 914 1611 Iubam
937 1561 968 1612 et
990 1550 1171 1632 Scipionem
1196 1550 1288 1615 vicit:
1312 1573 1350 1614 ac
1371 1550 1482 1633 paucis
1503 1547 1600 1613 diebm

281 1652 359 1724 post
387 1643 438 1705 M.
463 1640 549 1707 Cato
576 1641 637 1704 sibi
654 1643 775 1706 Uticae
804 1657 939 1708 mortem
966 1645 1136 1709 consciuit.
1181 1643 1265 1710 Cato
1295 1654 1399 1709 autem
1426 1644 1478 1707 sic
1499 1642 1601 1707 abiite

284 1737 368 1813 vita,
394 1749 428 1801 ut
450 1759 574 1801 causam
600 1738 756 1801 moriendi
777 1749 902 1800 nactum
925 1759 959 1801 se
980 1759 1050 1801 esse
1073 1741 1247 1823 gaudet-eu
1279 1739 1323 1801 ait
1345 1738 1467 1805 Cicero
1491 1741 1601 1803 'luscit-

281 1832 348 1896 lan.
372 1833 402 1896 l.
435 1854 508 1916 cap.
532 1834 585 1896 30.
630 1831 803 1897 Africano¹
821 1832 908 1896 bello
930 1832 1081 1897 coniecto
1111 1832 1232 1919 Caesar
1254 1832 1364 1896 Idibus
1386 1833 1462 1897 Iun.
1487 1832 1602 1896 clamen

282 1927 522 1991 conscenditct
544 1939 619 2011 post
641 1927 723 1992 diem
747 1927 876 1991 tertium
899 1926 930 1990 in
947 1926 1122 1990 Sardiniam
1145 1926 1306 2009 pervenit.
1349 1929 1430 1992 Inde
1453 1949 1485 1990 a.
1500 1929 1531 2009 d.
1545 1925 1602 1991 111.

284 2021 421 2084 Kalend.
440 2022 552 2102 Quint.
576 2043 674 2085 naves
696 2024 910 2087 conscendens
929 2019 1205 2104 duodetrigesimo
1224 2019 1274 2084 die
1290 2023 1330 2082 ad
1343 2022 1467 2087 Urbem
1483 2021 1603 2085 Romam

283 2116 389 2191 venit;
420 2116 545 2179 Hirtius
576 2119 615 2179 de
638 2117 714 2181 bell.
738 2117 815 2181 nu.
840 2128 925 2180 extr.
970 2116 1091 2179 Fuerat
1120 2137 1190 2177 cum
1214 2113 1354 2179 Caesare
1384 2114 1417 2178 in
1442 2113 1551 2183 niuea
1568 2111 1602 2175 P.

281 2210 480 2285 Dolabella,
507 2222 540 2273 ut
562 2213 658 2273 docet
681 2208 799 2274 Cicero
823 2208 967 2290 Philipp.
993 2208 1041 2272 ll.
1071 2230 1144 2291 cap.
1169 2210 1240 2283 20.;
1271 2209 1325 2293 qui
1352 2230 1425 2272 curu
1449 2207 1602 2273 Caesarem

282 2305 322 2369 ab
344 2304 503 2368 Africano
526 2303 613 2367 bello
634 2306 817 2366 redeuntem
840 2306 1044 2368 antecederet
1064 2304 1171 2386 (epist.
1187 2306 1219 2367 7.
1243 2302 1300 2367 lib.
1318 2303 1383 2367 IX.
1407 2307 1449 2366 ad
1466 2300 1599 2379 Fausta,

284 2397 402 2462 Cicero
426 2399 455 2461 ei
478 2398 633 2462 'I'ironcm
656 2398 785 2462 obviam
809 2398 910 2472 misit;
933 2399 1026 2480 epist.
1052 2398 1084 2461 5.
1109 2397 1166 2460 lib.
1182 2396 1265 2465 XII.
1294 2399 1333 2459 ad
1356 2397 1461 2459 Attin.
1486 2390 1602 2461 Caesari

280 2505 407 2557 senatus
437 2492 554 2556 multos
587 2495 729 2557 bonores
758 2493 916 2567 decrerim
949 2494 981 2555 in
1010 2493 1065 2566 iis,
1103 2502 1137 2555 ut
1160 2491 1340 2573 praefectus
1364 2492 1523 2565 moribus,
1549 2487 1601 2552 rtis

282 2582 412 2676 epissent
435 2581 628 2667 ἐπιστάτης,
656 2607 714 2668 per
742 2586 911 2650 triennium
934 2600 1036 2662 esset;
1066 2585 1131 2651 Dio
1154 2587 1210 2651 lib.
1231 2587 1373 2663 XLIII,
1399 2589 1478 2650 ii..
1500 2579 1601 2653 Meni·
1645 2590 1646 2669 1

195 2752 199 2757 .
282 2680 329 2745 nit
351 2679 470 2746 Cicero
504 2680 597 2762 epist.
621 2682 673 2743 15.
698 2680 756 2743 lib.
780 2681 845 2744 IX.
877 2683 916 2743 ad
938 2681 1053 2745 Fatnil.
1097 2683 1180 2745 Erat
1202 2678 1322 2746 Cicero
1344 2681 1375 2743 in
1398 2682 1490 2746 Urbe
1518 2689 1600 2760 atque
1645 2674 1646 2765 1

282 2773 484 2848 acassam,
517 2786 553 2839 ut
574 2775 766 2839 Plutarchus
789 2797 820 2838 c.
843 2775 896 2840 39.
920 2776 1048 2852 scribit,
1079 2779 1204 2841 honore
1232 2776 1448 2854 afficiebatur,
1480 2775 1555 2838 adeo
1574 2780 1601 2832 ut
1645 2776 1646 2825 1

240 2945 242 2950 ,
282 2867 370 2931 laudi
392 2866 526 2932 Catonis
557 2867 758 2932 aCicerone
786 2869 945 2951 scriptae¹
975 2873 1174 2953 respondens
1204 2871 1382 2937 orationem
1411 2868 1481 2934 eius
1503 2879 1538 2933 ,et
1562 2861 1602 2927 ti·

282 2975 345 3026 tam
383 2973 541 3048 tamquam
570 2961 707 3028 Periclis
745 2973 777 3026 et
806 2965 1015 3027 Theramenis
1048 2964 1183 3027 maxime
1218 2965 1373 3049 geminam
1406 2964 1601 3035 collaudaret.
1645 3030 1646 3055 ¹

283 3059 394 3142 Atque
410 3055 581 3123 Ciceronis
596 3057 677 3120 liber
693 3055 798 3133 Cato,
823 3055 972 3122 Caesaris
988 3058 1142 3123 Anticato
1164 3057 1364 3123 inscribitur.
1397 3056 1517 3123 Cicero
1530 3074 1601 3121 anno

280 3167 434 3238 sequente
461 3156 501 3215 ad
529 3151 672 3215 Atticum
701 3150 836 3234 epistola
866 3153 920 3215 40.
949 3151 1006 3217 lib.
1031 3153 1113 3220 XII.
1150 3153 1194 3217 ita
1224 3152 1372 3235 scripsitt
1407 3151 1530 3238 Qualis
1542 3146 1603 3243 fo·

282 3260 364 3311 tura
392 3248 439 3311 sit
460 3244 621 3313 Caesaris
648 3245 857 3328 vitrtmratio
885 3257 1014 3309 controe
1031 3246 1267 3310 laudationem
1292 3267 1420 3323 meam,
1452 3239 1603 3329 perspexi

282 3364 330 3404 ear
350 3362 391 3405 eo
412 3339 520 3418 libro,
544 3363 644 3426 quem
666 3340 804 3405 Hirtius
825 3341 873 3404 ad
894 3363 948 3405 me
970 3341 1084 3414 utisitt
1107 3342 1143 3403 in
1162 3348 1233 3426 'quo
1254 3341 1387 3425 colligit
1408 3340 1495 3404 vitia
1515 3341 1603 3404 ouo·

282 3436 354 3513 nis,
378 3436 538 3500 cedrum
560 3434 725 3498 munitatis
747 3436 907 3500 laudibus
929 3436 1025 3499 meis.
1061 3433 1181 3497 Tribus
1203 3434 1339 3498 statibus
1363 3455 1453 3497 usum
1476 3431 1517 3498 C.
1534 3429 1603 3496 Cae·

224 3580 242 3599 .
281 3552 383 3593 sarem
412 3530 443 3593 in
475 3531 686 3611 vituperando
717 3527 861 3605 Catone,
894 3542 943 3593 cst
971 3532 1056 3613 apud
1085 3528 1272 3610 Quintilian.
1302 3529 1361 3591 lib.
1387 3520 1456 3592 ΙΙΙ.
1486 3546 1555 3608 cap.
1574 3521 1600 3586 9.

284 3623 453 3690 Caesarem
475 3623 506 3686 in
530 3623 724 3688 Anticatone
746 3623 824 3685 citat
847 3624 969 3687 Gellius
1002 3623 1059 3688 lib.
1083 3625 1149 3688 lv.
1178 3645 1250 3706 cap.
1276 3622 1328 3687 16.
1374 3621 1417 3688 C.
1441 3616 1601 3687 Caesaris

282 3718 477 3782 Anticatone
499 3716 610 3798 priore
633 3716 797 3780 adducitur
814 3738 830 3778 a
847 3717 1013 3782 Prisciano
1026 3719 1092 3782 lib.
1108 3718 1213 3783 XIII.
1242 3716 1403 3782 luvenalis
1420 3716 1532 3796 Satyra
1545 3708 1600 3775 Vl·

284 3834 319 3874 v.
343 3810 441 3874 338.:
472 3814 553 3875 Duo
576 3812 737 3874 Caesaris
765 3810 1004 3875 Anticatones.
1049 3810 1167 3878 Cicero
1197 3833 1250 3894 ep.
1281 3811 1333 3874 50.
1365 3811 1425 3875 lib.
1447 3810 1545 3874 XIII.
1571 3803 1602 3866 sd

285 3906 357 3967 Au.
384 3903 531 3968 Caesaris
555 3904 656 3967 libros
678 3916 790 3968 contra
807 3903 964 3968 Catonem
988 3907 1141 3970 nominat.
1186 3893 1369 3986 Cremutius
1386 3903 1514 3970 Cordus
1530 3898 1603 3984 apud

288 3999 434 4062 Tacitum
457 3998 515 4061 lib.
532 3998 598 4061 IV.
638 3999 754 4063 Annal.
776 4020 849 4081 cap.
866 3999 940 4062 311
969 4002 1026 4063 Μ.
1042 4000 1217 4066 Ciceronis
1239 3998 1346 4075 libro,
1370 4020 1440 4084 quo
1455 4001 1604 4065 monem

283 4096 380 4155 caelo
402 4091 578 4176 aequavit,
602 4091 686 4175 quid
705 4092 804 4153 allud
824 4092 973 4157 dictator
995 4095 1125 4159 Cacsar
1145 4115 1250 4179 quam
1271 4095 1441 4176 rescripta
1462 4091 1604 4157 oratione

285 4188 376 4247 veltet
397 4185 491 4266 apud
505 4174 642 4247 'iudices
664 4185 868 4268 respondit?
901 4185 1024 4251 Gellius
1047 4187 1130 4251 libro
1146 4186 1249 4250 XIII.
1274 4187 1437 4268 cap.18.t
1460 4188 1515 4251 M.
1530 4186 1604 4249 Galo

326 4332 353 4404 1)
374 4336 442 4385 Cum
466 4334 567 4420 Caesar
590 4355 681 4390 rernm
700 4336 892 4393 Africanarum
918 4345 973 4393 iam
998 4358 1070 4395 esset
1097 4349 1234 4416 potitum·
1249 4345 1330 4399 beros
1354 4312 1446 4398 autein
1471 4342 1520 4396 ilie
1543 4338 1603 4393 0²1⁰

286 4426 332 4471 sua
356 4423 438 4459 mauu
462 4416 607 4480 periisset,
628 4413 709 4465 huius
729 4415 908 4482 lucidatione,
930 4434 1013 4488 quam
1036 4423 1134 4473 Cicero
1158 4425 1287 4489 scripsit,
1309 4424 1413 4493 ingenii
1439 4416 1546 4491 quidem
1566 4412 1602 4465 ssi

187 4504 200 4531 x
285 4482 354 4534 heu!
381 4500 437 4535 non
463 4491 530 4537 satis
554 4484 734 4554 diuturnum,
759 4493 887 4557 virtutis,
913 4489 1105 4560 fortitudinis,
1133 4493 1195 4548 fidei
1219 4492 1378 4550 immortale
1404 4500 1602 4551 monumentum

289 4563 432 4612 exstruxit.
471 4561 550 4634 Opus
570 4562 640 4617 illud
662 4567 747 4617 Attici
767 4571 849 4618 unius
871 4567 984 4621 hortatu
1001 4571 1100 4622 Cicero
1117 4582 1260 4643 aggressus
1283 4588 1324 4625 est
1340 4569 1544 4640 (1111111112,
1561 4563 1603 4623 ti·

288 4633 416 4686 Tunstali
441 4629 493 4706 Ep.
517 4653 576 4710 pag.
601 4640 665 4696 159.
712 4643 840 4695 Ceterum
864 4642 897 4695 ad
921 4645 995 4696 bone
1024 4650 1116 4716 ipsum
1141 4662 1243 4700 anunm
1266 4663 1330 4700 ante
1354 4645 1475 4700 auditam
1498 4639 1601 4695 Catonis

286 4725 406 4761 mortem
432 4710 475 4763 vel
506 4711 539 4763 ad
558 4712 767 4785 praecedentem
788 4714 909 4771 referunt
929 4719 1073 4789 Ciceronis
1094 4721 1259 4777 Parauaea.
1297 4720 1356 4776 Cir.
1375 4714 1528 4781 osmundi
1546 4716 1602 4768 ΡΝ·
1645 4750 1646 4769 ¹

288 4784 358 4855 legg.
381 4800 441 4857 pag·
459 4788 592 4845 XXXVI.
630 4793 681 4843 Res
705 4806 795 4843 tamen
822 4810 933 4865 prorsus
957 4797 1078 4861 incerte,
1107 4814 1171 4850 cum
1191 4797 1264 4851 nibil
1283 4796 1429 4871 impediet,
1448 4811 1501 4867 qno
1521 4791 1601 4844 11110*
1645 4776 1646 4825 l

288 4858 380 4932 paullo
408 4877 473 4913 ante
497 4863 537 4914 M.
563 4866 655 4918 Crassi
684 4869 827 4919 interitum
856 4873 899 4937 (a.
922 4887 948 4921 o.
975 4885 1001 4921 c.
1025 4876 1089 4930 700.
1117 4873 1259 4947 Capitol.)
1287 4871 1373 4927 scribi
1393 4873 1531 4947 potuerint
1547 4863 1600 4918 1111ο

288 4935 567 4993 declamatiunculae.
610 4938 667 4993 Cir.
690 4940 847 5001 Fabricium
873 4943 995 4998 inira‘in
1017 4947 1050 5000 Δ.
1076 4950 1141 5006 709.
1482 4942 1488 4960 '
