3322 5578
547 388 788 473 annonis.
1283 409 1324 475 ss

52 572 132 615 sacrm
152 569 215 614 esse
235 546 331 623 dixin
354 548 497 633 Philipp.
521 550 568 614 ll.
588 572 658 632 cap.
680 551 711 615 5.
751 551 837 614 Idem
861 547 911 613 vir
935 551 1094 614 abrrndans
1113 550 1234 615 bellicis
1255 551 1324 616 lau·

52 645 111 706 libus
132 640 293 718 Ciceroni,
320 640 423 706 multis
443 643 657 721 audientibus,
681 647 744 708 hoc
766 645 893 722 tribuit,
917 658 953 708 ut
974 646 1111 709 diceret:
1126 646 1267 726 frastra
1290 669 1323 712 se

49 740 146 802 tatium
163 738 369 819 triumphum
394 737 651 818 deportaturum
663 737 797 818 fnisse,
815 742 882 801 nisi
902 741 973 802 eius
995 743 1030 802 in
1052 761 1122 803 rem
1144 738 1325 821 publicam

46 826 184 907 lmeficio,
205 827 265 890 alai
283 829 524 909 triumpharet,
545 840 628 894 esset
649 829 842 910 habitarum
863 830 919 893 lib.
941 830 970 893 Ι.
985 832 1026 893 de
1042 831 1162 896 Officiis
1183 851 1253 911 cap.
1269 830 1322 891 29.

45 918 194 983 Ciceronem
214 922 441 1002 practerea’Q.
457 920 590 985 Catulus
606 918 894 1002 princeps'senann
917 934 949 987 et
971 936 1083 987 auctor
1103 923 1223 1005 publici
1244 945 1324 987 con·

44 1012 342 1094 siliilrequentissimo
364 1027 473 1079 senatu
495 1024 656 1097 parentem
681 1013 804 1096 patriae
831 1017 1023 1093 norninarit3
1055 1018 1087 1080 in
1116 1016 1267 1082 Pisonem
1290 1041 1322 1082 c.

44 1110 65 1171 3.
94 1109 190 1190 Neque
210 1109 315 1173 solum
339 1109 489 1186 Catulus,
522 1129 632 1172 verum
663 1107 753 1169 etiarn
779 1109 866 1179 marlti
888 1111 940 1174 alii
961 1132 1058 1194 saepe
1080 1112 1112 1173 in
1135 1125 1244 1174 senatu
1266 1112 1324 1177 Ci-

44 1223 154 1266 ceronem
179 1216 303 1285 patrem
334 1205 454 1287 patriae
478 1203 700 1268 nominarunt:
735 1214 767 1264 nt
789 1202 856 1284 ipse
878 1216 1014 1269 testatur
1035 1226 1097 1288 pro
1121 1207 1226 1269 Sestio
1249 1228 1322 1288 cap.

45 1300 79 1360 ll.
104 1298 135 1361 ln
154 1298 198 1361 his
213 1298 408 1362 Plutarchus
430 1321 499 1380 cap.
516 1297 568 1360 23.
592 1309 735 1360 numerat
750 1296 923 1374 Catonem,
948 1303 986 1365 dc
1008 1322 1073 1385 quo
1092 1300 1261 1383 Appianas
1277 1301 1319 1363 B.

45 1389 72 1454 C.
80 1391 134 1466 ll.,
156 1397 205 1457 t.:
233 1395 317 1456 Onm
341 1395 422 1457 Cato
444 1397 636 1458 Ciceronem
657 1400 789 1471 patrem
809 1397 946 1471 patriae
966 1395 1193 1475 appellasset,
1213 1415 1324 1474 popa-

48 1486 82 1546 hs
96 1486 308 1563 occlamavit;
338 1495 459 1569 utque,
491 1494 530 1548 nt
551 1481 752 1565 quibasdam
771 1482 909 1563 placet,
936 1485 1020 1549 haec
1040 1485 1232 1564 appellatio
1254 1487 1324 1564 pri·

40 1574 108 1635 *nan
124 1575 273 1639 uoeront
290 1576 434 1655 tributa,
457 1576 530 1639 inrle
551 1572 601 1634 ad
619 1575 836 1654 imperatores
856 1576 1016 1653 pervenit.
1058 1574 1142 1636 Hinc
1163 1573 1323 1639 lervenalis

50 1663 115 1727 Saba
132 1667 226 1731 Vlll.
250 1689 285 1730 r.
310 1667 385 1729 233.
409 1680 411 1687 “

225 1794 262 1805 -
344 1793 385 1808 -
463 1793 504 1807 -
584 1791 621 1803 -
702 1756 805 1818 Roma
825 1768 1015 1840 parentem,

222 1850 331 1911 lloma
351 1859 481 1930 patrem
501 1849 637 1929 patriae
659 1845 849 1910 Ciceronem
870 1848 977 1913 libera
1000 1850 1096 1917 dixit.
1164 1920 1171 1935 Ι

44 1934 176 2009 etPlinins
196 1938 254 2001 lib.
280 1940 363 2004 Vll.
387 1962 458 2023 cap.
484 1942 535 2001 10.
582 1938 635 2001 M.
664 1935 803 2000 Tullium
826 1939 872 2001 sic
895 1941 1031 2005 affatur:
1061 1946 1162 2012 Salve
1189 1949 1320 2033 primus

44 2033 152 2093 samiam
169 2052 293 2111 parens
313 2037 448 2115 patriae
469 2033 654 2113 appellate.
694 2032 745 2094 De
775 2031 935 2096 Cicerone
964 2037 1008 2097 L.
1037 2038 1161 2101 Gellius
1183 2042 1234 2102 vir
1255 2040 1322 2102 cla-

42 2118 190 2184 risriausin
212 2125 370 2187 concione
392 2125 489 2187 dixit:
523 2124 550 2186 si
573 2124 623 2207 ille
645 2127 774 2202 consrrl,
805 2127 978 2205 emoluit,
1011 2151 1074 2194 non
1096 2128 1320 2208 suisset‚'rem

43 2213 158 2291 publicana
190 2217 334 2281 lrrnditu’s
363 2213 557 2281 interituram
589 2218 705 2293 luisse3
742 2230 817 2301 post
848 2222 917 2293 red.
946 2223 985 2284 ad
1012 2222 1153 2303 Quirites
1182 2247 1254 2307 cap.
1287 2229 1318 2291 7.

43 2305 101 2367 lien
119 2309 240 2373 civicam
264 2333 418 2375 coronam
442 2312 592 2377 Ciceroni
606 2310 724 2374 'deberi
746 2333 763 2374 n
786 2314 969 2395 republica
991 2316 1088 2391 dixit3
1115 2318 1146 2380 in
1168 2320 1319 2383 Pisonem

43 2419 90 2479 etp.
107 2401 133 2464 3.
172 2405 256 2467 Vide
281 2406 420 2471 Gellium
444 2405 500 2468 lib.
520 2406 565 2469 V.
588 2427 659 2487 cap.
685 2406 715 2468 6.
759 2404 841 2468 Cum
863 2408 1013 2471 extremis
1035 2411 1143 2473 diebus
1167 2413 1239 2475 anni
1261 2415 1320 2476 bn·

44 2490 148 2558 aaron
173 2499 290 2561 tribuni
326 2500 430 2579 pleb.,
465 2498 518 2583 qui
549 2520 578 2560 a.
602 2501 634 2560 d.
659 2497 723 2561 lv.
747 2499 798 2561 ld.
822 2500 994 2563 Decembr.
1018 2504 1236 2587 magistratum
1258 2505 1320 2568 ini·

44 2586 94 2650 lut
115 2594 161 2667 (nt
183 2615 281 2676 sripra
312 2598 352 2658 ad
380 2617 492 2658 annrun
517 2591 784 2657 ncnxxxvt.
808 2596 1130 2677 demonstravimus),
1165 2620 1217 2661 res
1246 2620 1317 2675 eas,

45 2702 95 2762 quas
111 2683 217 2750 Cicero
239 2689 354 2752 consrrl
377 2699 538 2773 gesserat,
563 2706 681 2750 vexare
703 2699 873 2769 cuperent,
906 2688 959 2751 illc
981 2691 1023 2755 P.
1048 2692 1182 2756 Sestium
1206 2691 1321 2774 Capua

43 2777 163 2841 retenirit
183 2801 253 2844 carm
277 2804 319 2846 eo
342 2783 503 2856 exercitu,
539 2803 630 2865 quiem
659 2793 724 2844 tum
747 2802 852 2844 secrnn
876 2784 1030 2858 habebat3
1063 2785 1150 2849 cnins
1181 2789 1319 2850 adventu

43 2867 199 2936 abacorum
229 2888 364 2938 conatus
393 2889 466 2941 sunt
494 2875 661 2946 retardati3
696 2873 815 2940 Cicero
845 2897 906 2956 pro
928 2878 1032 2941 Sestio
1061 2901 1132 2962 cap.
1157 2883 1190 2944 lt.
1245 2882 1318 2943 Hos

41 2960 147 3027 tribuam
176 2968 369 3032 Plutarchus
398 2992 471 3053 cap.
502 2969 555 3032 33.
584 2968 753 3033 Metellum
785 2981 817 3032 et
839 2969 975 3032 Bestiam
999 2973 1160 3036 nominat:
1196 2975 1251 3036 sed
1273 2974 1316 3035 L.

41 3051 188 3136 Calpurnius
209 3064 317 3126 Bestia
336 3065 496 3128 tribunatu
517 3063 578 3127 iam
599 3065 645 3125 V.
667 3064 716 3126 ld.
732 3062 872 3151 abierat;
897 3066 985 3145 qttod
997 3064 1160 3127 Manutius
1181 3078 1214 3128 et
1233 3065 1319 3130 Cor·

40 3149 105 3211 talus
121 3172 156 3214 ex
175 3156 316 3222 Salustio
339 3168 541 3221 monuerunt.
586 3156 725 3235 Quintus
747 3167 849 3219 aretem
873 3156 1026 3219 Metellus
1049 3157 1179 3238 Nepos,
1211 3180 1317 3222 novns

41 3239 162 3319 tabanus,
194 3249 296 3329 pridie
318 3252 454 3316 Kalend.
480 3250 641 3314 lancearias
665 3249 855 3314 Ciceronem
878 3251 1039 3312 consulem
1061 3253 1227 3314 abeuntem
1250 3274 1316 3314 ma-

42 3331 138 3412 girran
166 3344 328 3407 concionis
357 3346 519 3407 habendae
547 3354 707 3424 potestate
730 3343 888 3424 privarit:
918 3342 1005 3405 cuius
1024 3343 1141 3407 iniuria
1164 3345 1316 3413 Ciceroni

41 3438 111 3528 lama
129 3434 237 3500 honori
258 3460 381 3503 summo
402 3440 482 3512 suit3
513 3459 582 3499 nam
605 3458 674 3500 cnm
697 3437 750 3498 illc
772 3436 847 3498 nibil
869 3435 917 3511 ei,
948 3434 1005 3498 nisi
1029 3451 1062 3500 nt
1083 3437 1217 3515 iuraret,
1242 3461 1316 3524 per-

42 3530 157 3601 nrtteret,
180 3551 291 3613 magna
309 3552 389 3595 voce
400 3531 514 3595 iurarit
532 3529 729 3594 verissimum
745 3528 1052 3613 pulcherrimumque
1067 3531 1313 3610 iusiurandum,

43 3618 99 3691 utel
107 3622 233 3700 populns
244 3626 320 3688 itcrn
334 3648 447 3710 magna
460 3646 539 3690 voce
552 3625 652 3705 ipsum
668 3644 743 3686 vcre
756 3623 875 3685 iurasse
886 3623 1018 3698 inravit;
1042 3624 1136 3706 epist.
1149 3626 1181 3689 3.
1201 3626 1254 3690 lib.
1266 3627 1314 3690 V.

43 3707 165 3776 allanil.
185 3715 308 3782 lucravit
320 3731 422 3782 autem
438 3742 473 3782 se
484 3719 616 3802 patriam
630 3738 854 3791 conservasse,
880 3727 914 3778 ut
926 3718 1117 3781 Plutarchus
1133 3740 1202 3801 cap.
1216 3720 1269 3783 33.
1283 3731 1316 3782 et

43 3796 86 3863 llis
111 3804 294 3888 XXXVII,
332 3814 386 3878 38.
413 3813 576 3887 scribunt,
614 3824 645 3876 et
678 3816 748 3893 ipse
778 3807 897 3873 Cicero
922 3809 952 3872 in
979 3810 1133 3874 Pisonem
1161 3835 1234 3894 cap.
1257 3813 1311 3875 3.:

43 3890 106 3975 lgr,
120 3898 228 3985 inquit,
252 3926 334 3970 cum
354 3911 388 3971 in
412 3909 598 3974 concione.
620 3903 733 3967 abiens
752 3906 978 3984 magistrata,
1001 3902 1111 3967 dicere
1134 3924 1157 3966 a
1177 3904 1313 3967 tribuno

43 3984 113 4057 alda
128 3997 330 4073 prohiberer,
351 4019 441 4082 quae
463 4000 704 4060 constitueram
710 4017 722 4071 ‚·
743 4013 890 4075 eamque
911 3994 939 4054 is
957 3994 1042 4054 mihi
1059 3993 1312 4071 tantummodo,

43 4079 218 4162 Vivam,
237 4090 460 4168 permitteret,
481 4089 550 4150 sine
571 4085 648 4147 alla
667 4084 875 4149 dubitatione
895 4087 1025 4161 iuravi,
1046 4107 1116 4148 rem
1134 4084 1313 4167 publicam

43 4170 113 4245 “W
128 4172 211 4239 lane
232 4176 347 4241 orbem
366 4198 442 4241 mea
464 4178 563 4247 anias
584 4194 689 4255 opera
710 4196 777 4239 esse
797 4177 949 4251 salvam5
978 4177 1062 4237 mihi
1078 4175 1231 4256 populns
1251 4175 1313 4237 Ro·

43 4269 125 4321 met
141 4269 305 4339 universas
327 4267 392 4330 illa
413 4269 449 4328 in
468 4267 634 4329 concione
651 4284 720 4326 non
740 4269 839 4329 anias
860 4266 929 4329 diei
943 4267 1232 4348 gratulationem,
1253 4263 1313 4328 sed

45 4352 225 4420 l‘leuitatem
244 4357 604 4438 immortalitatemque
624 4354 779 4431 donavit,
812 4376 892 4418 enm
912 4375 1023 4417 meum
1043 4357 1095 4415 ias
1127 4352 1312 4415 iurandum

47 4432 189 4525 ‘illutque
207 4456 341 4510 tontum
368 4450 500 4527 iuratus
531 4447 601 4526 ipse
631 4463 699 4506 aaa
729 4465 810 4507 voce
837 4453 869 4508 et
900 4463 1061 4507 consensu
1091 4441 1310 4522 approbavit.

50 4516 96 4625 930
112 4534 232 4610 undem
251 4547 403 4618 tempore
423 4539 450 4599 is
470 4556 563 4599 meus
584 4535 723 4598 domam
734 4535 813 4614 fuit
833 4557 851 4598 e
866 4534 953 4614 foro
974 4532 1118 4609 reditus,
1143 4541 1181 4593 nt
1199 4553 1310 4607 nemo,

49 4616 152 4701 'ital
165 4646 294 4692 mecam
314 4638 415 4706 esset,
446 4628 570 4690 civium
590 4645 658 4690 esse
679 4629 712 4687 iu
733 4644 873 4688 nomem
896 4624 1073 4686 videretur.
1113 4621 1215 4684 Huius
1245 4622 1311 4684 ire·

48 4709 164 4790 Mite,
194 4740 255 4802 qna
286 4719 395 4781 abiens
423 4716 588 4781 consulatu
616 4717 741 4781 domum
771 4714 830 4777 luit
859 4715 1025 4789 reductus,
1062 4713 1179 4777 tuentio
1208 4727 1255 4778 est
1278 4715 1308 4777 in

48 4795 480 4877 wuhtmmst
1166 4868 1173 4882 .

73 4936 164 5019 llddrlc
181 4963 251 5001 ιω
270 4948 303 5000 de
324 4948 362 5001 Re
382 4945 494 5020 publiea
515 4954 547 5008 1,
572 4947 606 5010 lt,
633 4951 660 5002 7.
687 4969 721 4986 ·-
749 4942 914 4996 carnidatur·
936 4943 1078 4995 Ciceronis
1102 4962 1157 4995 nort
1175 4943 1311 4994 predicere

51 5004 121 5064 ‘Petit
136 5017 206 5073 decas
225 5031 310 5077 natus
327 5043 360 5077 eo
379 5041 455 5078 anno
474 5023 557 5075 divin
572 5023 728 5090 Augentum.
767 5017 863 5070 Vellet.
885 5024 917 5082 2,
939 5020 985 5075 56.
