3348 5584
571 373 812 447 ursanum.
1117 356 1120 367 '
1328 383 1368 450 es

62 522 140 599 iret,
167 516 329 599 redirent,
359 516 484 605 ipsein
506 520 658 585 sententia
681 520 794 586 mansit
822 544 927 609 neqtre
950 520 1127 588 Antonium
1154 522 1211 588 illo
1241 521 1291 589 die
1312 544 1370 611 nef
1457 595 1461 611 .

61 642 106 705 pas
122 629 252 702 postero
276 615 377 694 vidit3
402 628 438 679 ut
459 615 528 698 ipse
549 616 580 681 iu
603 619 741 680 secunda
763 617 907 700 Philipp.
930 638 1003 700 cep.
1027 616 1081 681 35.
1104 614 1252 682 testatur.
1298 619 1370 682 Nec

60 734 145 778 suurn
164 723 232 786 est,
257 713 345 795 qirod
366 711 581 788 Plutarchus,
606 710 794 793 Appianas,
818 709 887 776 Dio
909 722 942 775 et
963 711 1155 794 interpretes
1172 709 1370 794 Philippica·

55 829 109 870 mn
126 804 290 881 scribunt,
321 803 480 887 postridie
503 804 578 869 Idus
600 816 742 868 senatum
763 805 795 868 in
819 807 897 870 aede
921 805 1062 869 Telluris
1092 803 1234 867 habitum
1255 804 1367 868 fuisse.

54 902 120 965 Nan
146 912 177 964 et
203 901 238 963 in
265 901 401 962 secunda
430 897 576 981 Philipp.
598 918 672 981 cap.
700 897 761 961 iam
789 898 876 965 dioto
903 920 938 963 se
967 909 1044 981 post
1073 897 1154 961 diem
1184 896 1312 962 tertium
1334 897 1369 962 ia

55 998 145 1059 aedera
168 992 313 1057 Telluris
336 991 462 1057 venisse
484 992 547 1056 ait:
571 1002 603 1057 et
624 992 720 1075 epist.
746 995 799 1056 10.
824 1005 857 1057 et
878 996 932 1058 tt.
955 994 1012 1057 lib.
1035 993 1138 1057 XIV.
1163 994 1204 1056 ad
1225 991 1369 1057 Atticum

52 1087 291 1155 iILiberalibns
311 1086 432 1152 lactum
453 1086 553 1151 [trisse
575 1088 734 1164 ostendit,
765 1089 798 1152 id
820 1100 887 1167 est,
918 1109 950 1153 a.
974 1090 1007 1151 d.
1030 1086 1132 1151 XVI.
1155 1085 1233 1151 Kal.
1255 1084 1368 1167 April.
1459 1098 1466 1105 '

54 1184 94 1247 Ilo
112 1182 160 1247 die
174 1182 228 1248 M.
244 1182 389 1275 Tullius,
413 1192 564 1266 quantum
586 1180 618 1247 in
642 1181 713 1264 ipso
733 1182 813 1259 suit,
837 1182 911 1246 iecit
930 1183 1131 1246 fundamenta
1154 1178 1242 1263 pacis
1264 1179 1391 1245 Aue·

51 1278 250 1363 mensiumque
270 1276 442 1341 renovarit
465 1286 558 1339 retus
580 1276 783 1356 exemplum;
814 1279 975 1342 Graecum
1003 1275 1096 1340 etiam
1119 1276 1254 1339 verbum
1278 1292 1372 1337 ussu-

13 1440 15 1443 ,
50 1372 139 1452 pavit,
162 1394 231 1456 qno
251 1385 317 1436 tum
341 1371 371 1434 in
394 1370 539 1434 sedandis
563 1366 730 1436 discordiis
753 1392 809 1435 usa
823 1383 894 1436 erat
909 1371 1021 1436 civitas
1036 1371 1107 1446 illa;
1132 1380 1227 1455 atque
1243 1390 1369 1434 omnem

51 1465 218 1531 nenoriam
253 1464 484 1531 discordiarum
514 1465 679 1529 oblivIone
706 1466 899 1549 sempiterna
929 1467 1093 1530 delendam
1121 1466 1261 1540 censuit;
1293 1464 1372 1530 Phi-

51 1561 116 1644 lipp.
137 1562 167 1626 1.
191 1583 266 1645 cap.
290 1563 324 1625 1.
361 1560 461 1625 Plura
485 1556 598 1642 scripsi
621 1560 652 1623 in
674 1582 747 1643 cap.
773 1561 805 1624 2.
829 1561 887 1625 lib.
910 1562 995 1626 XII.
1020 1557 1144 1625 OrosiI.
1181 1559 1305 1623 Habuit
1325 1558 1370 1623 ibi
1450 1614 1455 1620 .
1605 1566 1609 1577 ’

51 1655 194 1720 Antonius
217 1675 349 1740 qnoque
370 1654 548 1719 orationem
572 1655 611 1716 de
633 1654 827 1731 concordia,
853 1654 984 1741 eiusque
1006 1674 1126 1737 parvus
1147 1653 1230 1718 lilius
1251 1653 1285 1717 in
1304 1652 1372 1719 Ca-

51 1746 181 1828 pitolinos
209 1749 324 1815 missus
352 1748 441 1831 pacis
471 1751 567 1815 obses
594 1747 673 1826 luit3
705 1749 848 1832 Philipp.
872 1749 902 1812 I.
933 1770 1005 1832 cap.
1029 1751 1061 1812 1.
1092 1759 1124 1812 et
1145 1748 1195 1812 Il.
1219 1768 1292 1830 cap.
1315 1747 1370 1812 36.

51 1840 145 1927 Itaque
159 1842 406 1918 interfectores,
431 1853 466 1906 ut
480 1842 673 1907 Plutarchus
694 1844 725 1906 in
742 1845 848 1908 Bruto
865 1841 996 1919 scribit,
1020 1864 1038 1906 o
1054 1840 1220 1922 Capitolio
1239 1844 1371 1906 descen·

51 1937 147 2001 Iernru
167 1948 202 2002 et
223 1938 345 2002 Brutus
367 1939 450 2019 apud
475 1937 652 2019 Lepidum,
678 1937 808 2001 Cassius
832 1940 916 2020 apud
940 1936 1133 2010 Antonium,
1164 1935 1264 2000 ceteri
1286 1939 1372 2019 apud

13 2084 14 2087 ,
52 2030 115 2096 stim
127 2043 318 2097 coenarunt.
362 2033 503 2096 Postero
526 2030 576 2095 dic
599 2031 787 2113 prouinciae
809 2032 920 2096 iisdem
943 2030 974 2094 io
997 2041 1109 2095 senatu
1130 2031 1277 2093 decretae
1300 2032 1371 2095 lne-

52 2134 126 2187 rmte
156 2126 264 2189 Bruto
289 2123 405 2201 Creta,
431 2122 547 2191 Cassio
570 2125 704 2204 Africa,
729 2125 897 2190 'l'rebouio
920 2126 1020 2202 Asia,
1046 2124 1181 2189 Cimbro
1205 2124 1368 2205 Bithynia,

51 2216 86 2283 D.
100 2218 200 2283 Bruto
215 2219 320 2284 Gallia
342 2217 489 2284 citcrIor.
534 2223 617 2297 Sed,
641 2242 711 2283 eum
735 2219 859 2286 Caesar
879 2221 992 2284 iuuere
1014 2219 1115 2281 elatus
1136 2229 1170 2281 et
1191 2241 1208 2281 a
1233 2220 1286 2282 M.
1301 2221 1372 2284 An·
1504 2288 1507 2297 ,

51 2314 125 2380 tosio
147 2310 293 2379 laudatus
315 2324 415 2389 esset,
438 2315 531 2396 plebs
553 2336 623 2378 cum
646 2316 768 2379 lacibus
792 2319 833 2378 ad
847 2318 973 2378 domum
990 2312 1101 2387 Bruti,
1125 2312 1230 2377 Cassii
1245 2324 1279 2377 et
1293 2313 1373 2378 alio·

52 2428 109 2470 rum
126 2408 261 2472 tetendit
283 2420 377 2492 atque
399 2430 498 2492 aegre
519 2409 549 2472 ri
567 2430 724 2494 manuque
738 2409 867 2490 repulsa
882 2408 954 2472 luit.
994 2407 1092 2486 Quod
1105 2407 1250 2473 historici
1265 2427 1372 2489 prope

53 2522 147 2567 onnes
160 2503 305 2566 scribunt
320 2515 352 2565 et
366 2523 437 2566 cusa
452 2501 516 2566 illis
529 2501 648 2568 Cicero
664 2503 749 2567 libro
761 2505 863 2568 XIV.
876 2524 929 2585 ep.
945 2504 996 2568 10.
1015 2504 1055 2564 ad
1068 2500 1169 2564 Attic.
1183 2514 1214 2564 et
1225 2501 1371 2585 Philipp.

55 2594 92 2659 tl.
109 2618 182 2680 cap.
198 2597 255 2662 36.
300 2599 384 2660 'l'um
408 2596 460 2660 M.
478 2599 598 2663 Brutus
621 2597 807 2669 etcassius
830 2601 941 2665 urbem
964 2596 1215 2681 rellqueruatet
1236 2597 1371 2662 Antium

54 2700 133 2774 atque
153 2689 336 2756 Lanuvium
359 2690 499 2773 profecti
527 2692 580 2755 diu
602 2692 646 2755 ibi
668 2694 765 2757 otiosi
785 2694 934 2767 leserunt,
968 2703 1004 2755 ut
1025 2692 1083 2756 lib.
1107 2691 1210 2756 XIV.
1233 2703 1266 2755 et
1286 2692 1371 2757 XV.

55 2785 86 2845 al
102 2785 242 2849 Atticum
257 2784 418 2867 ¹ridemus.
459 2785 581 2850 Cicero
604 2808 734 2871 quoque
756 2786 848 2852 initio
871 2785 994 2870 Aprilis
1016 2807 1057 2850 ex
1081 2788 1160 2849 urbe
1183 2807 1238 2849 rus
1259 2788 1373 2869 prole·

54 2887 112 2941 etas
138 2878 232 2942 villas
252 2900 330 2944 anas
357 2879 523 2956 lustravit,
554 2891 589 2943 ut
617 2880 754 2947 indicant
782 2882 939 2966 epistolae
968 2881 1059 2956 illae',
1089 2901 1170 2965 quae
1198 2879 1290 2946 initio
1313 2880 1372 2946 lib.

55 2970 140 3039 xlv.
159 2975 198 3037 ad
220 2973 293 3037 Att.
316 2974 380 3039 hoe
401 2984 547 3056 ternpore
569 2973 709 3058 scriptae
732 2977 906 3061 leguntur:
938 2997 996 3038 uec
1025 2975 1196 3060 quidquam
1227 2995 1267 3039 eo
1289 2987 1372 3039 tem·
1439 2974 1447 2983 ’

55 3085 124 3145 pore
143 3067 298 3144 malebat,
327 3089 421 3154 quiam
448 3068 616 3144 rusticarie
646 3070 741 3153 epist.
765 3071 816 3138 23.
846 3071 903 3134 lib.
925 3071 1028 3136 XVI.
1059 3071 1099 3132 ad
1121 3069 1235 3134 Famil.
1279 3069 1372 3133 Haec

56 3172 144 3227 amesa
163 3160 333 3228 muratis
355 3160 447 3226 nobis
470 3161 556 3225 dedit
576 3172 645 3226 tres
666 3163 767 3227 libros
798 3167 836 3228 de
859 3166 981 3229 Natura
1001 3158 1148 3228 Deorum
1175 3174 1208 3228 et
1230 3165 1311 3229 ditos
1333 3167 1374 3229 de

56 3254 247 3322 Divinatione
276 3269 307 3320 et
336 3267 502 3339 praeterea
531 3254 694 3341 dialogum
728 3261 767 3321 de
795 3269 976 3337 senectute,
1007 3269 1044 3322 ut
1072 3271 1164 3341 puto.
1217 3257 1372 3340 Quamvis

58 3349 123 3415 emsa
151 3348 222 3415 ante
249 3351 352 3414 libros
381 3352 419 3414 de
447 3349 652 3416 Divinatione
681 3351 723 3414 sit
751 3353 908 3436 scriptus,
946 3364 981 3417 ut
1009 3352 1210 3436 prooemium
1241 3354 1299 3418 lib.
1322 3354 1372 3419 11.

59 3445 197 3509 ostendit:
219 3457 324 3508 tameu
347 3447 410 3508 hoc
432 3466 515 3508 anno
530 3463 609 3509 ⁴eum
633 3447 673 3508 ad
688 3448 830 3510 Atticum
854 3446 981 3510 naissum
1004 3449 1164 3523 arbitror,
1188 3470 1259 3511 cum
1281 3451 1309 3513 is
1330 3450 1373 3512 ti·

60 3534 154 3603 lidius·
173 3544 326 3615 νεανικοῖς
346 3538 533 3622 quibusdam
556 3553 814 3605 corrrumveretur
840 3552 873 3604 et
894 3541 1015 3607 Cicero
1043 3553 1237 3606 senectutem
1259 3554 1371 3608 contn-

62 3648 178 3708 aarret3
207 3633 303 3717 epist.
334 3634 387 3698 33.
415 3633 473 3697 lib.
497 3635 598 3698 XVI.
629 3637 669 3697 ad
697 3635 810 3699 Famil.
861 3638 945 3701 Ante
977 3636 1055 3701 Idus
1083 3635 1189 3700 Maias
1218 3637 1373 3720 scriptum

64 3722 139 3790 Idus
164 3728 375 3812 cognoscitur
403 3740 549 3794 extremo
580 3729 638 3792 lib.
661 3731 761 3794 XIV.
785 3730 915 3813 epistol.
941 3732 982 3794 ad
1002 3729 1104 3797 Attio.
1147 3730 1270 3796 Eodem
1293 3742 1375 3796 tero·

70 3836 128 3896 m
143 3820 284 3900 Cicero,
307 3836 378 3887 cnm
401 3845 512 3888 omnes
534 3821 745 3909 cogitationes
766 3845 839 3888 siras
859 3823 890 3888 in
913 3823 1088 3891 concordia
1111 3823 1228 3889 oinium
1251 3826 1373 3891 defixas

70 3910 286 4001 laterumque
301 3916 459 3995 omnium,
484 3917 579 3982 etiam
594 3919 747 3993 Antonii,
772 3918 940 3984 amicitiam
959 3919 1099 3984 retinere
1118 3920 1213 3983 vellet
1234 3920 1302 4003 (ep.
1320 3920 1373 3983 23.

68 4002 216 4076 leVI.
231 4013 271 4074 ad
285 4011 433 4092 Fauii),
457 4012 586 4095 scripsit
601 4014 746 4077 Laelium
768 4015 837 4078 sire
859 4018 898 4078 de
918 4013 1066 4079 amicitia.
1101 4015 1229 4080 Romae
1248 4012 1375 4078 interim

67 4105 271 4170 ammittis·
292 4106 346 4173 M.
362 4107 510 4172 Antonio
533 4109 565 4172 et
587 4108 628 4171 P.
645 4108 835 4188 Dolabella,
860 4107 914 4192 qui
937 4107 1083 4174 Caesaris
1104 4108 1210 4174 locum
1232 4120 1373 4190 ceperat,

65 4210 145 4260 ncne
168 4198 324 4283 impactus
352 4211 400 4266 est
428 4196 569 4287 fugitivo
591 4202 652 4280 illi,
684 4203 739 4286 qui
764 4202 798 4268 in
821 4202 864 4269 C.
888 4201 989 4268 Marii
1015 4223 1132 4268 nomen
1153 4201 1315 4266 invaserat
1343 4214 1377 4267 et

63 4284 241 4392 §Liviana
260 4294 406 4378 'epitoma
435 4296 491 4360 lib.
521 4295 654 4362 CXVI.
684 4296 877 4374 Chamaces,
907 4299 948 4362 ab
975 4297 1127 4382 Appiano
1157 4296 1215 4361 lib.
1241 4295 1316 4373 111,
1341 4297 1375 4362 2.

69 4378 201 4467 :leirene
223 4384 243 4454 ὀ
265 4386 511 4480 pseudopapam,
533 4412 550 4452 a
573 4388 709 4456 Valerio
731 4391 827 4457 Max.
856 4393 914 4457 lib.
937 4393 1004 4457 IX.
1034 4413 1107 4474 cnp.
1131 4391 1187 4454 lh.
1211 4389 1376 4475 Heropln‘·

66 4470 103 4538 ¹¹³
120 4481 265 4566 munius
287 4482 427 4548 medicus
448 4484 576 4549 dicitnr.
620 4485 672 4551 De
692 4480 786 4551 huius
807 4486 966 4570 supplicio
991 4485 1090 4550 Attici
1114 4484 1232 4549 litteras
1255 4483 1376 4551 Cicer·

66 4574 169 4655 λιαρὴ
194 4574 316 4641 XVII.
344 4578 481 4643 Kalend.
511 4579 615 4654 Mam
642 4579 735 4663 epist.
757 4582 790 4644 8.
820 4580 877 4645 lib.
908 4580 1011 4645 XIV.
1041 4582 1081 4644 ad
1104 4578 1208 4645 Attin.
1259 4581 1376 4643 Mense

68 4662 155 4749 terti
173 4681 206 4734 et
226 4670 319 4736 Maio
343 4671 507 4738 Antonius
529 4672 655 4737 Italiam
685 4673 901 4756 percursavltr
935 4673 1124 4751 Dolabella,
1155 4675 1284 4739 ahsente
1303 4674 1375 4739 col·

68 4750 140 4847 tp,
165 4764 444 4832 tutaminum
467 4766 602 4843 eventu
632 4768 778 4852 Philipp.
800 4770 850 4833 11.
880 4790 953 4852 esp.
977 4770 1028 4837 u.
1071 4770 1171 4834 nien.
1193 4768 1276 4833 mm
1298 4770 1376 4835 son

67 4850 126 4919 h
147 4858 324 4925 ahinaam
349 4883 455 4945 prope
482 4863 564 4928 XX.
592 4865 709 4946 pedum
737 4862 850 4946 lepidis
872 4861 1033 4928 Numidici
1059 4862 1094 4929 in
1118 4864 1197 4931 loro
1224 4864 1256 4928 in
1279 4865 1375 4929 burte

71 4940 200 5018 Ctmth
219 4965 374 5022 statuerat
393 4967 427 5021 et
447 4953 654 5042 inscripserat
675 4956 888 5026 PARENTI
910 4958 1141 5029 reuulsus
1172 4970 1269 5044 atque
1290 4960 1376 5043 apud
