3322 5578
222 218 237 238 ·
292 208 333 272 ’72
507 202 513 211 ’
714 206 766 270 Μ.
791 204 955 271 TULLII
978 202 1231 272 CICERONIS

285 347 351 423 bit,
383 347 508 413 Mil'one'
537 357 569 410 et
596 345 783 431 quibusdam
813 346 889 409 trib.
914 348 959 430 pl.
987 345 1159 422 adhibitis,
1188 329 1218 410 ii
1242 346 1438 429 Capitolium
1470 349 1560 414 venit
1586 364 1614 417 et

286 444 411 508 tabulas
441 446 479 506 de
509 441 624 507 exsilio
653 463 712 506 suo
746 440 903 507 aClodio
932 441 1008 504 trib.
1040 443 1086 523 pl.
1117 441 1198 504 fixas
1226 442 1350 509 deiecit.
1395 443 1463 505 Sed
1487 443 1615 509 Clodius

287 539 472 601 cumfratre
489 536 589 612 Caio,
615 534 670 619 qui
692 547 823 617 praetor
847 545 933 611 erat,
958 534 1169 598 interveniens
1186 547 1316 604 eastum
1333 534 1463 618 eripuit.
1487 534 1617 601 'Postea

288 652 370 696 vero
401 633 571 699 obseruata
599 627 706 692 Clodii
735 628 876 692 absentia
904 651 1014 693 rursus
1040 630 1072 693 in
1096 629 1288 713 Capitolium
1312 632 1452 706 ascendit
1476 643 1509 695 et
1530 633 1615 695 tabu-
1644 650 1645 701 4

288 726 334 787 las
356 725 428 787 inde
451 723 571 785 ablatas
594 724 720 786 domum
744 743 830 786 suam
854 722 1044 805 asportavit.
1088 723 1184 809 Quod
1206 724 1322 786 sactum
1340 743 1357 785 a
1374 723 1496 789 Clodio
1509 747 1616 807 repre·
1644 712 1645 725 ¹

284 820 416 882 hensnm
439 840 510 881 cum
535 817 659 880 Tullius
682 818 713 880 in
735 829 868 892 senatu,
894 829 928 878 ut
950 818 1141 881 Plutarchus
1163 840 1193 879 e.
1211 818 1265 880 dd.
1288 830 1416 891 narrat,
1442 818 1493 882 sie
1516 820 1615 883 defen·

289 915 396 987 deret,
430 923 464 973 ut
486 910 605 973 diceret
630 909 777 974 Clodium
801 924 913 976 contra
926 912 1023 997 leges
1046 932 1063 974 e
1086 911 1225 994 patriciis
1247 914 1286 974 ad
1307 913 1433 992 plebem
1461 915 1616 977 transiisse

279 998 427 1091 'ideoque
451 1004 528 1068 nihil
552 1024 679 1081 eorum,
714 1025 795 1089 qnae
819 1008 989 1090 gessisset,
1020 1016 1123 1068 ratum
1145 1007 1321 1067 habendum
1346 1025 1433 1083 esse,
1468 1006 1555 1072 Cato
1574 1008 1616 1070 in·
1644 1058 1645 1061 ,

254 1152 263 1163 .
289 1100 435 1185 dignatus
458 1098 503 1163 illi
525 1098 736 1176 contradixit,
767 1121 832 1164 non
860 1104 946 1185 qnod
970 1100 1119 1165 Clodium
1148 1098 1310 1174 laudaret,
1340 1099 1429 1163 cuius
1453 1112 1526 1163 acta
1549 1104 1616 1165 ode·
1644 1130 1645 1133 ¹

287 1207 356 1270 rat,
386 1195 442 1270 sed
464 1214 563 1279 grave
585 1205 617 1257 et
638 1193 812 1258 violentum
835 1217 904 1259 esse
926 1195 1135 1258 confirmabat
1157 1205 1206 1257 tot
1227 1196 1353 1257 decreta
1384 1205 1417 1257 et
1432 1217 1494 1260 »res
1516 1206 1613 1281 gestas

288 1299 414 1352 senatus
438 1287 587 1352 consulto
608 1287 698 1363 tolli,
730 1287 899 1372 inquibus
922 1289 1139 1352 essentetiam
1163 1309 1218 1364 ca,
1255 1308 1335 1372 quas
1357 1288 1428 1372 ipss
1452 1290 1485 1351 in
1510 1289 1614 1371 Cypro

290 1392 321 1444 ct
341 1382 489 1462 Byzantii
511 1379 679 1466 gessisset3
711 1384 750 1445 de
780 1382 893 1466 quibus
926 1386 1021 1446 rebus
1052 1394 1184 1465 praeter
1215 1381 1390 1447 historicos
1414 1382 1537 1447 Cicero
1561 1404 1614 1466 pro

290 1478 386 1540 domo
409 1498 439 1538 c.
456 1475 488 1538 8.
515 1487 546 1537 et
565 1475 638 1550 25„
663 1474 696 1537 in
718 1476 860 1538 Sestiana
886 1500 957 1560 cap.
975 1477 1027 1540 28.
1051 1498 1120 1558 seq.
1144 1487 1177 1538 et
1197 1474 1285 1538 alibi.
1330 1477 1406 1540 Hoc
1421 1477 1525 1540 etiam
1545 1488 1614 1539 tem·

290 1590 372 1653 pore
395 1581 498 1633 actum
520 1569 552 1631 in
565 1566 686 1633 ‘senatu
709 1568 771 1632 tuit
791 1572 830 1633 de
846 1570 1005 1653 stipendio
1025 1572 1184 1634 exereitus
1200 1568 1368 1634 Caesaris:
1391 1569 1490 1654 idque
1507 1569 1614 1636 Cicero

291 1685 326 1728 se
349 1683 412 1726 non
435 1662 539 1725 solum
564 1663 763 1740 decrevisse,
788 1667 843 1727 sed
868 1665 980 1740 etiam,
1012 1675 1045 1725 nt
1069 1664 1121 1727 alii
1144 1667 1370 1739 decernerent,
1393 1660 1559 1728 laborasse
1580 1664 1614 1726 ait

291 1756 322 1821 in
347 1768 431 1819 orat.
458 1760 497 1820 de
520 1756 693 1838 provinciis
717 1778 802 1823 coss.
828 1779 899 1841 cap.
917 1761 970 1821 11.
989 1757 1161 1839 ‘stipendii
1180 1757 1300 1820 decreti
1321 1756 1461 1821 meminit
1479 1757 1571 1839 epist.
1588 1760 1612 1817 7.

291 1850 350 1915 lib.
374 1852 403 1914 l.
428 1854 468 1913 ad
491 1852 602 1927 Fam„
634 1851 689 1915 ubi
710 1863 741 1914 et
763 1855 801 1916 de
824 1854 931 1916 decern
955 1851 1080 1937 legatis.
1124 1852 1177 1915 De
1204 1850 1319 1936 quibus
1349 1850 1395 1913 sic
1422 1850 1455 1912 in
1480 1850 1612 1915 oratione

292 1947 330 2009 de
358 1944 534 2028 provinciis
564 1946 675 2006 eodem
697 1965 786 2027 cap.:
832 1950 959 2010 Actum
984 1958 1035 2023 est
1060 1947 1104 2010 de
1133 1947 1249 2007 decem
1276 1944 1419 2026 legatis:
1447 1966 1534 2028 qnos
1561 1941 1613 2003 stit

291 2040 431 2104 omnino
450 2058 519 2123 nun
540 2037 688 2109 daban&
717 2037 780 2100 atti
800 2044 961 2122 exemplo
981 2039 1205 2126 quaerebant,·
1237 2036 1299 2100 atti
1323 2050 1461 2120 tempus
1482 2034 1611 2123 differe·

291 2132 391 2206 boun
413 2133 482 2209 olii¹
497 2131 572 2194 sine
593 2131 674 2195 ullis
694 2132 873 2195 verborum
894 2135 1107 2197 ornamentis
1127 2134 1266 2196 dabant.
1304 2134 1346 2197 In
1367 2153 1410 2195 ea
1430 2152 1611 2217 quoquere

293 2227 342 2291 sic
371 2249 449 2290 snm
478 2229 630 2301 locutus,
660 2237 699 2287 nt
727 2246 846 2288 omnes
870 2228 1099 2307 intelligerent
1122 2250 1173 2290 me
1196 2227 1249 2302 id,
1281 2222 1374 2311 quoti
1395 2225 1610 2310 reipublicae
1644 2288 1645 2293 ,

290 2344 397 2386 cansa
416 2321 598 2396 sentirem,
611 2317 745 2411 facere
768 2321 907 2385 uberius
926 2334 1071 2405 parapter
1090 2322 1200 2404 ipsine
1217 2320 1378 2387 Caesaris
1398 2320 1611 2405 dignitatemr

292 2429 323 2480 et
345 2440 407 2501 pro
430 2417 534 2480 Balbo
566 2416 879 2482 c.27.:Itiem1n
900 2417 1074 2498 angustiis
1095 2416 1225 2479 aeewaeit
1248 2416 1409 2478 victorem
1430 2412 1611 2477 exercitum

291 2512 463 2595 stipendio
488 2509 627 2598 effecit:
659 2510 865 2592 imperatori
893 2511 1008 2573 elecem
1035 2512 1168 2593 legatos
1197 2509 1356 2572 decreuit.
1409 2509 1485 2572 Hos
1516 2508 1609 2568 decem

290 2607 416 2687 legatos
437 2626 452 2665 a
467 2603 574 2668 Dione
596 2603 733 2686 intelligi
748 2615 848 2685 puto,
874 2626 942 2665 cum
962 2606 1000 2664 de
1015 2604 1192 2669 honoribus
1208 2602 1340 2673 Caesari
1355 2601 1474 2666 habitis
1490 2597 1609 2662 scribit.

292 2699 476 2779 (XXXIX.
501 2697 569 2773 25.)
556 2689 683 2773 )ιί’στε
704 2703 760 2762 ιιιιι
781 2697 815 2761 ἐκ
835 2720 893 2776 sne
913 2693 1079 2780 βουλῆς”
1058 2699 1120 2762 ard
1120 2722 1181 2782 ρας
1209 2693 1251 2774 ὡς
1273 2701 1329 2761 καὶ
1350 2698 1402 2761 ἐπι
1424 2685 1611 2779 δεδουλωμέ-

292 2816 363 2870 νοις
384 2791 547 2866 παντελῶς
569 2795 638 2866 ιοῑς
658 2792 693 2855 I
687 2784 828 2867 αλαταις
849 2785 1051 2856 ἀποστεῖλαι.
1094 2792 1174 2853 Νιιιι
1197 2810 1233 2851 re
1256 2791 1335 2851 bene
1358 2799 1471 2873 gesta,
1496 2788 1610 2869 dispeu-
1644 2846 1645 2871 ,

293 2889 409 2949 sandae
420 2884 740 2969 cohonestandaeque
751 2882 917 2956 victoriae,
929 2884 1203 2964 utManliusapud
1212 2883 1340 2945 Livium
1353 2883 1409 2945 lib.
1421 2877 1610 2947 XXXVIII.

294 3001 324 3043 c..
343 2980 395 3041 tt.
421 2976 481 3050 ait,
506 2976 751 3057 imperatoribus
771 2978 878 3039 decem
895 2977 991 3061 legati
1005 2980 1267 3059 decernebantur.
1306 2979 1352 3041 A.
1372 2976 1543 3050 Gabinius,
1565 2972 1610 3056 qui

295 3071 417 3152 Syriam
437 3090 500 3151 pro
523 3070 654 3133 consule
676 3072 819 3145 tenebat,
845 3071 875 3133 in
892 3072 1069 3135 Palaestina
1093 3094 1128 3134 re
1150 3073 1230 3135 bene
1252 3083 1341 3155 gesta
1363 3083 1478 3134 contra
1493 3066 1609 3133 Aristo-

293 3163 360 3228 buli
383 3163 480 3229 lilium
501 3165 719 3227 Alexandrum
743 3163 905 3246 ipsumque
928 3166 1171 3241 Aristobultun,
1196 3177 1229 3228 ut
1252 3167 1410 3248 Iosephus
1436 3166 1495 3228 lib.
1518 3160 1607 3227 XIV·

294 3257 526 3340 Antiquitatum
550 3256 677 3332 scribit,
701 3258 821 3321 litteras
839 3260 974 3323 Romam
998 3258 1096 3335 misit,
1121 3261 1233 3343 quibus
1256 3269 1286 3322 et
1309 3281 1376 3323 rem
1401 3263 1480 3323 bene
1501 3266 1607 3342 gestau

294 3352 325 3415 in
350 3353 437 3416 bello
464 3350 621 3415 nuntiavit
644 3363 675 3414 et
697 3352 960 3434 supplicationem
987 3365 1134 3418 asenatu
1157 3353 1343 3436 postulavit.
1387 3355 1498 3418 Idibus
1522 3344 1607 3412 Maiis

294 3454 421 3507 senatus
449 3442 602 3527 frequens
630 3445 895 3527 supplicationem
920 3449 1059 3511 GabinIo
1086 3446 1274 3532 denegavit3
1310 3447 1404 3530 epist.
1431 3452 1463 3510 7.
1492 3444 1548 3506 lib.
1568 3439 1605 3501 tt.

197 3604 200 3610 ,
295 3539 335 3601 ad
356 3537 399 3617 Q.
417 3537 581 3612 Fratrem,
605 3540 642 3600 de
656 3537 840 3643 provinciis
865 3561 934 3603 eos.
959 3542 1079 3622 ιιιρ.’ό.
1101 3552 1132 3605 ct
1153 3542 1182 3604 in
1199 3540 1349 3606 Pisonem
1370 3562 1442 3624 eap.
1462 3545 1514 3603 tt.
1529 3553 1607 3615 sequ·

293 3631 436 3705 Deinde,
469 3651 538 3692 cum
568 3630 753 3711 provinciae
779 3636 964 3698 consulares
989 3635 1105 3698 suturis
1131 3635 1314 3700 consulibus
1337 3636 1408 3718 lege
1421 3626 1607 3740 ..Sempronia

295 3735 402 3788 essent
422 3726 655 3801 decernendae,
680 3738 715 3788 ut
735 3725 765 3787 in
789 3739 977 3810 argumento
1001 3743 1085 3792 orat.
1110 3731 1147 3791 de
1170 3727 1343 3810 provinciis
1367 3727 1501 3810 scripsi,
1525 3735 1554 3786 et
1574 3720 1606 3779 dt

294 3830 447 3905 quattuor
476 3819 648 3900 provinciis
677 3820 850 3884 sententiae
880 3822 980 3884 dictae
1010 3833 1130 3897 essent,
1159 3825 1197 3884 de
1223 3821 1335 3902 Syria,
1366 3814 1554 3886 Macedonia
1581 3822 1606 3872 st

294 3916 416 3977 duabus
446 3913 577 3989 Galliis,
606 3915 660 3977 M.
692 3914 817 3978 Tullius
854 3928 986 4021 rogatus
1022 3914 1203 3978 sententiam
1240 3914 1437 3991 orationem,
1470 3931 1548 3998 quae
1573 3905 1605 3964 tlt

294 4008 470 4090 provinciis
494 4007 713 4071 consularibus
736 4020 858 4084 exstat,
883 4009 914 4070 in
937 4020 1046 4071 senatu
1067 4008 1223 4082 hahuit3'
1216 4029 1247 4070 ιιι
1269 4030 1331 4093 qua
1352 4011 1481 4083 suadet,
1506 4015 1537 4066 ut
1554 4001 1605 4075 Sy·

294 4100 341 4164 ria
366 4114 397 4165 et
418 4101 611 4165 Macedonia
630 4101 747 4165 futuris
771 4102 954 4166 consulibus
976 4106 1184 4166 decernantur
1206 4113 1237 4165 et
1258 4104 1381 4167 Galliae
1402 4096 1530 4167 Caesari
1550 4109 1604 4156 nnn

295 4194 485 4257 adimantur.
537 4197 622 4258 Ante
653 4195 830 4260 orationem
859 4199 896 4259 de
922 4196 1098 4278 provinciis
1126 4197 1156 4258 in
1187 4197 1275 4260 libris
1306 4195 1473 4262 Ciceronis
1502 4188 1604 4279 tegitur

297 4284 490 4350 Corneliana
509 4292 571 4369 pro
590 4289 635 4350 L.
654 4288 807 4354 Cornelio
823 4289 944 4365 Balbo,
969 4312 1063 4375 quam
1085 4291 1148 4354 hoc
1170 4310 1252 4354 anno
1271 4311 1288 4353 a
1307 4292 1358 4354 M.
1376 4289 1485 4353 Tullio
1505 4283 1603 4349 diettffl
1629 4286 1633 4295 ’

296 4399 365 4441 esse
388 4401 429 4442 ex
451 4401 490 4442 eo
510 4378 674 4463 suspicor,
700 4385 815 4465 quod
808 4385 845 4445 de
869 4382 1118 4467 supplicatione,
1145 4382 1302 4465 stipendio
1326 4395 1356 4447 et
1381 4386 1487 4447 Mrem
1506 4368 1603 4458 ugus

298 4483 439 4539 extrema
462 4473 530 4536 fere
554 4475 698 4541 oratione
719 4476 845 4541 dicitur.
885 4476 934 4542 Ea
956 4478 1036 4542 enim
1059 4480 1122 4543 hoc
1145 4498 1227 4542 anno
1248 4477 1380 4547 Caesari
1402 4480 1524 4542 decreta
1544 4481 1604 4530 essa

297 4566 487 4628 nonsolum
511 4569 617 4633 oratio
640 4570 872 4653 deprorinciis
894 4575 1005 4649 docet,
1030 4572 1256 4638 verumetiam
1279 4572 1427 4655 epist.7.
1450 4564 1550 4636 tint
1570 4556 1604 4619 ²7

298 4660 493 4723 Lentulum.
524 4685 616 4746 quam
644 4665 767 4728 tametsi
793 4665 879 4730 docti
904 4667 1028 4749 quidam
1049 4671 1087 4732 ad
1110 4672 1277 4732 secundum
1300 4667 1494 4731 consulatum
1516 4658 1601 4723 Pom·

298 4752 363 4837 peii
385 4764 417 4817 et
439 4752 548 4821 Crassi
564 4756 724 4837 referunt,
746 4770 849 4827 umen
869 4762 933 4826 hoe
954 4782 1036 4826 anno
1056 4763 1207 4848 scriptam
1229 4783 1300 4831 esse
1322 4762 1446 4847 arguit,
1469 4745 1602 4843 qtt⁰d¹¹·
