3322 5578
512 296 772 407 'nisenam
1012 360 1019 378 =
1284 344 1325 410 as
1422 296 1426 309 ’

46 480 166 551 cuent.
188 478 219 541 id
237 480 323 562 qnnd
340 478 539 556 estfactum,
562 482 603 544 ad
623 501 717 562 opem
731 481 986 567 praesidiumque
1000 481 1070 548 eins
1083 495 1323 549 concurrerent.

47 578 130 639 lectas
147 571 240 657 igitur
262 572 421 655 praesidio
449 572 741 639 firmo-amicorum
763 574 922 641 Catilinae
945 588 1012 639 tum
1039 588 1070 640 et
1094 576 1248 642 Autronii
1269 600 1325 642 eo·

43 670 88 749 piar
103 679 129 731 et
146 678 288 730 conatum
310 667 479 748 repressit3
512 678 546 730 ut
574 668 617 731 ait
642 689 705 750 pro
734 669 821 733 Sulla
851 692 924 753 cap.
949 670 999 735 18.
1028 670 1112 734 etin
1137 670 1267 736 Catilin.
1292 672 1322 736 Ι.

41 783 91 843 cap.
109 762 151 825 h:
173 761 254 824 Cum
274 763 441 842 proximis
462 761 611 825 comitiis
626 761 863 827 consularibus
881 784 934 827 me
952 764 1125 828 consulem
1144 767 1179 827 in
1197 785 1322 847 cumpo

39 866 61 918 et
81 854 298 934 competitores
329 860 406 913 tuos
441 849 628 926 interficere
657 850 816 927 voluisti,
852 856 1038 935 compressi
1063 863 1140 917 tuos
1167 855 1321 936 nefarios

43 954 152 1007 coaetus
170 945 365 1005 amicorum
384 940 556 1022 praesidio
576 950 609 1004 ct
629 944 759 1022 copiis,
785 943 884 1006 nullo
913 944 1064 1007 tumultu
1084 944 1223 1025 publice
1244 965 1342 1031 con-1

39 1038 125 1097 citato.
159 1032 318 1108 Loricae,
342 1042 526 1116 quassetur
550 1030 667 1096 Cicero
690 1032 722 1094 in
744 1051 887 1114 campum
910 1033 1089 1108 descendit,
1115 1034 1324 1099 meminerunt
1425 1046 1429 1053 ‘

39 1126 189 1190 Plutarchus
211 1139 243 1192 et
266 1126 346 1190 Dio.
389 1126 450 1190 His
473 1124 607 1189 comitiis
631 1125 766 1190 Catilina
794 1126 953 1208 repulsam
983 1127 1096 1189 iterum
1125 1127 1213 1191 tulit:
1248 1151 1324 1194 con-

39 1220 97 1282 sules
117 1220 260 1287 declarati
289 1233 362 1284 sunt
390 1221 434 1285 D.
465 1220 575 1285 Iunius
605 1220 730 1284 Silanus
756 1232 787 1283 et
809 1222 854 1282 L.
876 1219 1021 1284 Licinius
1043 1222 1195 1288 Murena.
1239 1224 1322 1289 Cum

40 1315 117 1392 igitur
137 1315 236 1394 nihil,
266 1314 368 1398 inqtnit
388 1313 456 1378 Dio
477 1313 664 1378 XXXVII.
688 1313 761 1391 82„
793 1313 960 1378 Catilinae
987 1314 1200 1394 procederet,
1227 1318 1323 1380 iussit

41 1406 196 1468 commutes
213 1416 323 1470 noctu
344 1408 379 1469 in
403 1406 542 1481 domum
559 1405 733 1491 quandum
758 1407 944 1470 convenire.
986 1404 1060 1468 Fuit
1082 1425 1117 1467 ea
1138 1409 1249 1471 domus
1270 1409 1322 1476 M.

42 1494 119 1559 Porcii
135 1499 274 1573 Laecae,
307 1498 339 1561 in
362 1520 454 1584 quam
484 1496 668 1562 coniuratos
689 1508 783 1560 nocte
807 1517 861 1572 ea,
893 1518 974 1580 quae
1003 1512 1172 1563 consecuta
1193 1513 1241 1566 est
1262 1523 1323 1585 po·

44 1597 121 1652 sterun
148 1593 226 1669 diem
259 1594 426 1656 Nonarum
450 1592 651 1681 Novembr„
685 1589 840 1657 Catilinae
870 1591 1104 1657 denuntiatione
1133 1597 1322 1663 convenisse

46 1680 123 1749 Cicero
140 1707 199 1767 pro
223 1686 312 1748 Sulla
337 1708 407 1768 cap.
433 1687 482 1749 18.
504 1685 557 1749 ait.
600 1686 682 1746 Tum
705 1682 861 1748 Catilinae
883 1683 948 1748 dies
971 1687 1124 1764 exerendi,
1149 1699 1214 1751 tum
1237 1702 1322 1754 cete-

42 1774 209 1842 n'snaneudi
240 1779 403 1855 corrditio,
435 1790 499 1843 tum
530 1777 701 1860 descriptio
728 1790 828 1840 totam
856 1800 915 1862 per
942 1776 1063 1845 Urbem
1092 1783 1197 1847 caedis
1226 1794 1322 1869 atque

39 1867 210 1936 inundimurn
232 1873 407 1943 constituta
434 1886 500 1938 est:
535 1873 622 1958 quod
648 1892 663 1932 a
685 1869 844 1935 Cicerone
871 1874 964 1937 Orat.
990 1874 1020 1937 l.
1045 1886 1078 1937 et
1098 1875 1147 1940 11.
1173 1876 1205 1940 in
1227 1877 1323 1948 Catil.

40 1974 60 2022 rt
76 1986 89 2026 a
105 1965 229 2031 Salustiu
253 1968 446 2049 explicatur.
487 1966 580 2030 Dixit
601 1966 647 2029 ihi
669 1965 823 2042 Catilina,
856 1967 1028 2048 paullulum
1051 1990 1120 2033 esse
1146 1970 1206 2034 sibi
1228 1973 1323 2037 etiam

39 2070 83 2119 tun
102 2082 214 2137 norae,
244 2064 337 2148 quud
363 2061 483 2128 Cicero
508 2063 650 2124 viveret:
684 2059 803 2143 reperti
829 2072 903 2122 stunt
932 2058 996 2123 duo
1019 2061 1142 2145 eqtrites
1165 2065 1320 2142 Romani,

39 2151 149 2233 quirem
169 2155 218 2218 illa
250 2156 323 2238 ipsa
349 2166 444 2219 nocte
476 2155 584 2237 paullo
616 2166 685 2218 ante
714 2155 814 2218 lucem
843 2151 1032 2218 Ciceronem
1061 2153 1091 2217 in
1117 2177 1177 2220 suo
1204 2156 1321 2223 lectulo

37 2247 218 2315 interfecturos
236 2249 490 2333 pollicerentur,
514 2249 606 2313 Orat.
622 2249 651 2312 1.
679 2269 750 2330 cap.
764 2249 795 2309 tl.
821 2247 853 2309 in
879 2245 977 2312 Catil.
1022 2248 1116 2311 Alter
1139 2271 1249 2314 eorunm
1279 2251 1321 2317 C.

39 2338 168 2406 Cornelius
195 2364 211 2406 a
241 2344 385 2408 Salustio
415 2365 491 2426 cap.
515 2345 566 2407 28.
596 2353 628 2404 et
650 2341 808 2406 Cicerone
834 2362 896 2422 pro
920 2342 1007 2406 Sulla
1029 2362 1100 2423 cap.
1124 2344 1154 2407 6.
1177 2344 1322 2410 nomina·

39 2435 128 2505 taraci
146 2438 303 2502 Salustius
326 2441 367 2501 L.
391 2437 621 2524 Vargunteium
645 2437 747 2510 addit,
782 2433 838 2518 qui
866 2445 1014 2508 senator,
1046 2457 1109 2500 non
1132 2457 1228 2519 eques
1249 2439 1321 2503 luit.

42 2524 165 2593 Phtarchi
190 2531 264 2597 libri
296 2553 368 2614 cap.
393 2534 445 2594 lb.
475 2530 634 2594 Illarcium
658 2541 689 2591 et
717 2527 896 2612 Cethegum
919 2529 1049 2607 babent.
1092 2530 1159 2595 Dio
1181 2531 1322 2597 neutrius
1376 2520 1408 2563 ‘¹
1463 2486 1468 2495 ⁵

41 2640 119 2686 tenen
135 2626 305 2708 expressit.
347 2625 429 2692 Cum
452 2639 554 2689 autem
578 2624 696 2690 Cicero
719 2643 777 2706 per
799 2621 943 2683 Fulviam
966 2622 1005 2685 de
1027 2623 1122 2699 delo,
1153 2622 1208 2709 qni
1230 2647 1323 2708 para·

39 2715 116 2795 latur,
141 2720 266 2785 madum
301 2719 391 2783 etiam
426 2731 519 2782 coetu
548 2718 602 2781 illo
631 2716 758 2780 dimisso
791 2715 910 2779 certior
930 2715 1035 2779 iactus
1059 2729 1163 2796 esset,
1194 2720 1322 2784 domum

40 2828 96 2872 tun
113 2815 279 2880 maioribus
301 2812 465 2895 praesidiis
489 2811 621 2876 insanivit
650 2822 743 2893 atque
773 2809 925 2884 lirrnavit3
964 2811 1097 2875 exclusit
1125 2834 1200 2891 eos,
1239 2836 1321 2898 qttos

40 2904 136 2972 Catilina
156 2912 308 2974 manead
330 2911 430 2990 ipsum
456 2910 624 2971 salutatum
655 2906 794 2970 miserat.
841 2903 911 2968 Cic.
940 2904 973 2968 in
1004 2905 1100 2971 Catil.
1127 2906 1157 2972 1.
1185 2930 1258 2990 cap.
1288 2912 1320 2975 1.

39 3001 167 3080 Salustius,
201 3005 416 3077 Plutarchus,
444 3002 613 3084 Appianas
642 3011 674 3063 et
702 2997 780 3063 Dio.
804 2998 868 3061 VI.
892 2999 968 3062 Idus
995 3000 1175 3067 Novembr.
1200 3000 1320 3068 Cicero

38 3099 188 3163 tenatunin
211 3098 303 3163 luris
326 3094 464 3160 Statoris
486 3097 613 3170 aedem,
641 3115 722 3176 quae
744 3103 814 3154 erat
834 3091 922 3156 initio
946 3091 1016 3157 vinc
1039 3094 1173 3171 Sacrae,
1199 3117 1260 3180 qua
1282 3099 1322 3160 ad

40 3188 154 3254 Palatium
175 3190 375 3266 ascenditur,
408 3189 614 3253 convocavit.
658 3187 757 3251 Venit
779 3188 890 3250 eodem
914 3185 1072 3263 Catilina,
1103 3187 1195 3272 eique
1217 3190 1322 3254 nullus

40 3294 130 3348 tenum
148 3286 281 3349 assidere
306 3285 425 3359 voluit,
450 3295 484 3346 ut
503 3282 693 3345 Plutarchus
716 3279 826 3342 scribit
848 3300 920 3361 cap.
939 3281 991 3344 16.
1036 3280 1156 3345 Cicero
1178 3282 1209 3345 in
1226 3281 1321 3351 Catil.

41 3373 59 3435 Ι.
72 3392 127 3458 cap.
146 3383 175 3440 l.
198 3390 229 3442 et
253 3379 299 3442 ΙΙ.
327 3399 397 3460 cap.
429 3376 473 3457 6.
492 3374 533 3437 ait
561 3374 722 3457 principes
753 3372 870 3438 ordinis
900 3373 1051 3439 senatorii
1081 3387 1205 3457 partem
1234 3377 1319 3440 illam

41 3469 236 3549 Moerim,
261 3474 302 3535 ad
325 3492 418 3555 qtram
440 3469 494 3532 ille
516 3479 710 3557 accesserat,
742 3469 856 3529 nudam
880 3478 975 3551 atque
997 3467 1118 3532 inanem
1141 3471 1320 3557 reliquisse.

42 3562 324 3643 tentamentis,
355 3563 484 3640 eonsrtl,
514 3561 583 3625 sive
610 3561 822 3644 praesentiam
844 3559 911 3624 eins
935 3560 1046 3625 timens
1072 3563 1139 3627 sire
1161 3564 1209 3629 ira
1232 3588 1319 3629 cern·

40 3666 111 3721 totns
135 3660 310 3726 orationem
339 3658 449 3722 habuit
478 3657 669 3720 luculentam
698 3666 792 3739 atque
822 3655 929 3719 utilem
952 3654 1187 3739 reipublicae,
1223 3682 1318 3744 quam

41 3761 119 3824 putea
134 3754 279 3839 scriptam
302 3753 416 3827 edidit;
451 3751 492 3814 ait
514 3749 669 3815 Salustius
697 3770 766 3831 cap.
795 3748 849 3811 st.
899 3750 991 3812 Haec
1018 3762 1066 3817 est
1087 3751 1189 3835 prima
1202 3750 1318 3818 'oratio

41 3839 244 3925 ltCatilinam,
278 3861 312 3912 et
336 3847 469 3930 septima
498 3842 691 3917 consularis;
724 3863 787 3925 qua
815 3840 983 3906 Catilinam
1013 3843 1133 3920 emisit,
1169 3846 1263 3929 epist.
1288 3847 1319 3911 1.

41 3934 184 4006 lblhad
204 3944 279 4008 Ast.
319 3941 416 4025 Ego,
446 3939 547 4021 iuquit
575 3936 607 4001 in
630 3936 779 4002 Pisonem
802 3958 873 4018 cap.
897 3935 948 4011 9.,
980 3935 1016 3999 L.
1039 3937 1321 4003 ontits‘namnce·

42 4027 91 4093 lu
108 4047 249 4113 unctus,
283 4037 455 4099 interitum
475 4032 573 4096 Urbis
603 4052 670 4092 nnn
698 4028 858 4107 obscure,
890 4027 951 4093 sed
973 4026 1095 4108 pulum
1124 4028 1317 4091 molientem

42 4120 123 4199 titt&
136 4148 176 4190 ca
195 4127 282 4192 Urbe
304 4127 404 4188 iussi:
427 4131 463 4185 ut
475 4162 485 4197 ,
516 4141 539 4181 α
560 4142 629 4202 quo
657 4117 789 4200 legibus
811 4140 878 4181 nors
897 4126 1115 4198 poteramus,
1142 4114 1315 4179 iuuenibus

42 4213 85 4272 llll
97 4234 153 4279 tete
170 4237 353 4297 possemus.
395 4211 585 4278 Plutarchus
604 4232 677 4293 cap.
695 4210 767 4272 16.:
795 4208 1009 4272 Cicerocum
1030 4204 1116 4270 Urbe
1136 4206 1228 4268 crire
1249 4206 1318 4267 ius·

44 4300 80 4375 ”lt
94 4317 228 4383 cratere
250 4310 340 4372 enim
360 4309 446 4371 inter
465 4329 516 4381 se,
538 4306 601 4390 qui
621 4300 744 4377 verbis,
764 4309 796 4364 et
819 4299 940 4373 illum,
962 4297 1026 4379 qui
1043 4295 1147 4396 armis
1165 4313 1235 4355 rem
1255 4314 1319 4375 pu·
1355 4358 1359 4381 ἱ

45 4381 143 4461 tum,
154 4407 302 4479 gereret,
335 4418 473 4461 murum
500 4399 663 4461 interesse.
711 4389 846 4455 Catilina
877 4385 977 4474 igitur
1006 4394 1100 4449 nocte
1129 4391 1317 4465 intempesta

47 4493 90 4543 (ΙΙΙ
105 4486 403 4564 mensenatis,
427 4487 595 4554 lictoribus
617 4496 650 4549 et
671 4484 808 4547 fascibus
825 4479 946 4563 imperii
966 4477 1140 4562 insignibus
1157 4473 1317 4552 adhibitis,

49 4574 157 4643 “Urbe
182 4574 213 4644 in
234 4581 390 4646 Malliana
420 4586 523 4644 castra
551 4578 718 4663 proiectus
747 4570 808 4639 est.
860 4569 1038 4645 Postridie,
1067 4589 1160 4654 quam
1184 4568 1320 4634 Catilina

47 4666 166 4755 infigit,
187 4674 305 4741 Cicero
328 4675 505 4742 orationem
529 4675 568 4734 ad
588 4672 741 4755 populum
763 4668 891 4742 habuit,
919 4685 1012 4750 quam
1035 4673 1180 4727 octavam
1203 4682 1320 4726 consu-

46 4748 113 4821 [Μ
128 4779 262 4832 numerat
283 4767 377 4852 epist.
402 4776 432 4834 1.
452 4768 512 4832 lib.
532 4765 581 4830 ΙΙ.
603 4767 641 4828 ad
662 4765 733 4829 Att.
756 4775 787 4826 et
814 4771 863 4825 est
885 4760 1024 4823 secrtnda
1047 4755 1254 4822 Catilinarias
1284 4753 1318 4816 in

49 4865 89 4927 1ΙΙΙ
109 4870 204 4925 nator
230 4862 409 4949 gratulatur
428 4859 552 4945 popule
574 4870 606 4924 et
626 4860 674 4923 rei
694 4855 858 4942 publicae,
895 4853 986 5020 quor}
1005 4850 1142 4919 Catilina
1163 4871 1205 4917 ex
1226 4848 1316 4917 Urbe

105 4983 207 5043 &rnna
221 4995 269 5043 etc
284 4996 304 5044 1.
