3332 5588
556 387 622 460 DE
650 391 698 460 D.
720 378 957 461 tammus.
1125 443 1128 449 ·
1363 394 1424 464 td'l

88 531 146 599 Ad
173 528 233 596 lib.
254 530 291 597 Ι.
321 531 378 598 od.
401 531 434 598 2.
463 551 545 598 eom·
567 533 607 597 ad
633 532 713 599 illud
741 537 881 623 quisquis
908 535 1050 625 lugemus
1075 530 1167 601 oculo
1188 536 1334 598 amaran
1361 549 1426 604 cet.

87 623 271 712 longiorem
300 624 545 711 disputationem
573 627 716 695 instituat
742 627 939 705 Lambinus,
971 629 1102 693 adnotat
1124 628 1295 695 Muretuse
1326 627 1427 695 Nullo

1 749 2 757 ¹
87 716 185 783 modo
201 715 339 805 probat,
369 732 546 811 retorquere
565 718 674 786 oculos
693 742 780 802 esse,
813 717 851 784 id
868 717 954 810 quod
974 717 1066 801 eutr,
1085 724 1117 783 st
1135 718 1304 808 diligenter
1323 730 1426 788 cousi·

86 812 191 877 detes.
233 814 288 897 Ad
309 814 365 879 od.
389 815 423 878 7.
451 812 563 879 scribit
584 815 781 880 Lambinus:
816 813 944 895 Venus,
977 811 1014 876 id
1041 825 1106 896 est,
1139 811 1222 877 mirra
1246 814 1429 899 Vertereus3

1 911 2 922 ’
86 910 262 975 Muretus:
284 911 331 971 ito
352 902 503 996 loquitor,
527 905 618 996 quusi
639 930 718 972 uuus
738 906 853 997 aliquado
874 905 957 970 tahas
980 905 1138 973 Venerem
1159 906 1286 995 efficere
1301 925 1425 996 posset.

85 1003 144 1070 Ad
170 1002 221 1081 id,
251 1003 340 1085 quod
366 1000 495 1085 scripsit
522 1003 562 1066 de
590 1002 705 1068 Attalo
733 1004 774 1066 ad
803 1005 859 1068 od.
883 1003 955 1078 17„
989 1004 1160 1068 Muretus:
1189 1003 1290 1093 Atqui
1315 1003 1427 1069 Arato

85 1097 202 1161 Asiam
222 1091 303 1158 bello
322 1106 449 1181 coptam
465 1092 607 1182 populus
627 1094 665 1160 R.
684 1099 821 1158 mutiens
838 1092 907 1157 loco
915 1093 1147 1180 possidendam
1162 1086 1301 1163 mdemr.
1339 1097 1426 1161 Vide

1 1268 2 1276 ἵ
90 1187 257 1255 Valeriam
277 1189 398 1275 eap.8.
421 1184 474 1254 lib.
490 1190 524 1255 4.
547 1199 580 1253 et
598 1194 654 1278 qui
672 1187 717 1253 ibt
735 1211 757 1253 a
773 1187 915 1252 Corrado
936 1193 1080 1255 situatum
1113 1191 1168 1256 Ad
1189 1192 1247 1257 lib.
1263 1193 1296 1259 3.
1318 1196 1375 1259 od.
1391 1197 1425 1258 d.

2 1292 6 1301 ’
85 1286 257 1372 raequtohm
278 1280 461 1367 significare
481 1282 753 1366 intemperantiam
771 1294 804 1348 et
816 1281 977 1349 libidinem
992 1304 1102 1349 rerum
1118 1307 1327 1351 venerearum
1342 1287 1425 1352 scri-

83 1387 198 1462 pserat
223 1375 418 1453 Lambinus,
449 1376 493 1440 ait
519 1377 689 1442 Muretusa
717 1375 770 1441 lale
796 1399 897 1466 aeque
924 1381 1196 1466 mmurperoutiam
1225 1402 1326 1470 neptas
1357 1379 1426 1445 libi·

2 1493 3 1500 “
85 1468 193 1533 maa
219 1491 324 1534 rerum
350 1490 551 1536 venerearum
577 1469 758 1558 sigmfleat3
787 1476 863 1534 anzi
890 1468 923 1534 la
949 1469 1213 1561 cloppocoggine,
1248 1471 1359 1538 l'esser
1384 1472 1429 1538 da

83 1568 200 1628 nisum
243 1563 295 1629 lta
322 1584 389 1629 non
411 1573 505 1630 reete
533 1566 575 1629 ab
602 1586 642 1630 eo
672 1566 866 1632 intellectum
896 1576 928 1629 et
955 1567 1137 1649 expositum
1159 1568 1266 1632 locum
1289 1572 1348 1635 od.
1370 1569 1427 1634 27.

83 1657 204 1738 Pater,
236 1655 420 1722 orelrbuem
428 1656 530 1743 filiae
556 1679 670 1722 nomen
698 1658 875 1743 significat,
903 1661 1022 1724 addens
1051 1660 1289 1743 expositionem
1318 1683 1426 1739 suam;

88 1748 121 1815 0
140 1749 257 1833 Pater,
286 1754 375 1814 cutus
401 1748 482 1813 mr'lta‘
504 1772 586 1814 nuuc
613 1756 678 1814 ursi
696 1773 809 1815 nomeu
835 1746 917 1814 athal
934 1749 1075 1816 relicuum
1097 1764 1164 1816 est:
1192 1756 1239 1819 Et
1259 1755 1291 1819 in
1313 1756 1425 1839 Epod.

3 1879 6 1896 ν
84 1846 143 1910 od.
160 1844 194 1908 2.
217 1865 288 1907 cum
309 1843 494 1927 scripsisset
514 1846 555 1908 ad
577 1846 676 1911 verba
698 1846 770 1910 illa:
793 1841 873 1908 hoco
893 1841 947 1909 ubi
967 1844 1108 1928 locuurs5
1129 1847 1327 1915 Lambinusa
1349 1870 1429 1912 uou-

0 1973 1 1978 κ
83 1934 167 1999 auid
184 1932 373 2000 mbwdium
391 1934 515 2002 verbus
536 1959 623 2022 sum,
654 1941 804 2004 Muretus
834 1944 1008 2023 apposuit:
1041 1939 1078 2003 id
1096 1953 1161 2022 est,
1191 1953 1224 2005 tu
1245 1948 1293 2006 ita
1313 1941 1429 2006 sutelli-

1 2061 2 2069 *
82 2026 201 2118 gebus,
233 2034 299 2092 nasi
316 2029 496 2106 duronius-r
516 2054 539 2095 a
559 2054 610 2096 me
630 2054 726 2097 esses.
769 2035 824 2099 Ad
850 2036 906 2099 od.
930 2036 963 2099 5.
993 2035 1187 2115 Lambinus,
1222 2037 1429 2101 Promotum

0 2180 2 2185 .
82 2122 261 2210 signifieat,
284 2147 347 2214 qaeu
367 2120 532 2188 uabaumr
544 2129 643 2212 pueri
661 2148 757 2217 usque
771 2125 818 2188 ud
828 2148 944 2190 murem
958 2125 1112 2191 decursum
1127 2141 1290 2217 quartum:
1310 2128 1428 2193 derbde

0 2265 1 2272 2
83 2215 248 2281 mmsebuut
279 2230 386 2305 togam
414 2215 551 2298 virilem,
583 2240 677 2308 quom
700 2241 819 2305 puram
843 2218 1059 2307 appellabunt.
1110 2222 1283 2288 Muretusz
1321 2221 1426 2286 homi·
1509 2222 1516 2233 ⁸

85 2330 156 2373 aem
176 2315 370 2401 moquitoui·
383 2311 544 2397 peritiam!
579 2314 623 2376 Et
644 2313 784 2379 fortasse
802 2316 951 2378 Muretus
968 2315 1046 2379 Aldi
1061 2316 1202 2381 Manutii
1225 2316 1274 2381 sui
1295 2327 1425 2381 senten·

1 2438 13 2494 τι
84 2404 160 2469 tiam
174 2404 382 2482 imbiberat¹,
407 2415 523 2471 exarto
540 2427 623 2471 anno
637 2409 737 2473 XVI.
759 2408 886 2472 incunte
900 2409 1022 2473 XVII.
1046 2421 1156 2496 togam
1178 2431 1292 2493 puram
1308 2413 1429 2489 datarm

1 2502 40 2572 :s'
85 2518 168 2581 quae
194 2499 315 2582 pariter
341 2499 403 2564 fuit
424 2500 580 2564 sententia
603 2501 783 2578 Grucbii2,
808 2496 1007 2587 Scaligeri³',
1032 2503 1211 2581 Peruenit,
1236 2504 1426 2584 Salmasii⁵,

0 2639 4 2656 .
85 2603 150 2656 cet.
172 2605 287 2676 postea
308 2595 391 2658 bens
406 2593 566 2677 ‚probavit
588 2590 688 2669 Card.
711 2595 909 2673 Norisius⁶,
944 2616 1078 2680 eamque
1100 2608 1220 2662 certam
1242 2597 1304 2661 sibi
1325 2617 1428 2680 paene

0 2735 1 2746 ,
82 2685 272 2751 seutentiam
296 2708 366 2752 esse
389 2686 486 2766 dixit,
511 2689 728 2754 adolescentes
748 2690 887 2756 florente
908 2710 945 2753 rc
966 2689 1093 2773 publica
1115 2711 1154 2754 ac
1173 2691 1235 2753 sub
1256 2682 1425 2773 prioribus

0 2838 3 2855 ,
88 2778 298 2858 Caesaribus,
331 2782 461 2865 expleto
491 2783 614 2847 decimo
638 2783 750 2868 quinto
773 2783 883 2847 aetatis
906 2804 990 2847 anno
1019 2784 1202 2849 sedecimo
1228 2795 1322 2847 sexto
1345 2781 1425 2848 inito

9 2918 13 2955 :
81 2872 210 2939 virilem
233 2888 344 2961 togam
366 2877 559 2960 sumpsisse:
597 2889 680 2962 quae
701 2874 854 2940 sententia
875 2877 970 2939 etiam
991 2876 1091 2941 fuisse
1112 2889 1204 2941 antea
1227 2877 1353 2942 videtur
1376 2878 1427 2942 Si·

84 2967 189 3054 gonii.
233 2970 349 3034 Paullo
373 2992 452 3036 vero
474 2968 608 3036 inferius
637 2991 708 3033 cum
738 2972 777 3033 de
800 2970 885 3033 bulla
907 2972 1044 3055 loquens
1066 2972 1224 3035 attulisset
1246 2971 1425 3036 Lambinus

1 3108 12 3149 ς
83 3062 165 3126 illud
188 3062 336 3148 Virgilii,
360 3062 394 3125 It
405 3076 537 3148 pectore
557 3082 678 3126 summo
689 3061 821 3147 flexilis
843 3060 958 3127 obtorti
970 3086 1037 3151 per
1054 3062 1169 3127 collam
1190 3062 1325 3127 circulus
1345 3068 1428 3147 ouri,

1 3212 6 3245 ι
83 3155 241 3221 Muretus
263 3157 451 3240 adscripsita
479 3155 537 3221 ‘tto
558 3156 682 3247 quidem
704 3161 823 3245 torquis
842 3168 908 3236 est,
941 3179 1006 3219 non
1027 3154 1134 3238 bulIo;
1165 3160 1425 3236 etadod.14.,

3 3304 13 3333 ,
81 3248 143 3314 nbi
165 3251 343 3316 Lambinus
371 3274 412 3315 ex
433 3254 604 3318 Athenaeo
627 3254 774 3333 Phrynes
804 3251 970 3317 historiam
1001 3252 1149 3330 adduxit,
1181 3252 1325 3338 dixitque
1355 3273 1425 3316 eam

3 3336 8 3343 ’
81 3343 284 3426 Hyperidem
314 3345 502 3409 oratorem⁷
529 3357 687 3430 tamquam
717 3346 856 3410 Veneris
884 3347 1082 3413 sacerdotem
1113 3346 1187 3410 oleo
1215 3345 1419 3429 perfudisse,

82 3445 167 3521 ὓλῳ
187 3452 425 3525 χρησαμῆνους,
449 3435 518 3500 vide
532 3449 690 3524 emporem
703 3436 851 3519 tamma,
875 3438 919 3502 ait
930 3440 1094 3505 Muretus.
1126 3441 1181 3505 Ad
1197 3443 1252 3504 od.
1271 3444 1324 3505 17.
1347 3438 1428 3503 illud

1 3598 3 3611 ,
83 3537 149 3595 uses
169 3530 305 3618 capellus
325 3527 416 3593 albus
436 3542 486 3594 eet
504 3527 653 3594 odoribus
674 3533 824 3615 exposuit
846 3533 1041 3608 Lambinus3
1074 3537 1120 3596 tui
1140 3531 1271 3616 odores,
1295 3545 1349 3596 tuo
1372 3554 1429 3595 uu·
1455 3610 1457 3615 ⁴

1 3621 2 3628 '
79 3638 205 3712 gerento
223 3624 304 3688 mebi
321 3630 467 3689 canitiem
487 3624 674 3706 umalcmut5
696 3629 863 3691 Muretus:
887 3631 981 3689 immo
1003 3624 1118 3689 odores
1140 3639 1230 3690 vocat
1248 3649 1342 3690 sacra
1359 3648 1428 3689 nea·

1 3708 9 3792 1'
77 3722 179 3808 geba,
201 3719 287 3807 quod
305 3725 339 3782 iu
360 3725 407 3783 eis
427 3718 527 3783 multa
547 3731 692 3782 ammata
713 3731 876 3782 urerentur
891 3742 930 3782 ac
944 3719 1267 3807 suffimentufierent,
1291 3730 1327 3783 ut
1339 3717 1431 3807 opud

1 3799 3 3818 ⁸
87 3809 223 3875 Theocr.
240 3808 498 3898 pimmaoceutrt‘o
518 3824 555 3880 ἐκ
574 3821 679 3879 θυέων
699 3814 942 3899 καταδύσομαι.
988 3813 1061 3878 Alia
1084 3814 1176 3878 etiam
1201 3813 1364 3877 adnotavit
1387 3815 1429 3877 ad

1 3904 10 3978 f
80 3917 211 3989 partem
235 3908 366 3970 alteram
389 3905 711 3981 commentariorum,
735 3909 788 3992 qui
805 3920 878 3970 sunt
893 3908 925 3970 in
942 3907 1054 3970 satiras
1070 3920 1101 3971 et
1115 3907 1283 3990 epistolas.
1315 3908 1426 3972 Pauca

1 4046 6 4082 5
82 3997 140 4062 hic
167 3999 348 4080 siabiiciam,
377 4002 466 4087 quod
484 3998 573 4064 ‘baec
606 4022 670 4064 non
699 4000 836 4074 inutilia,
872 4006 930 4065 scd
957 4004 997 4064 ad
1018 4022 1149 4065 aureum
1179 4000 1267 4064 illum
1295 4002 1427 4083 po'e‘tam

1 4094 6 4103 '
82 4093 327 4178 intelligendum
351 4097 507 4176 prodesse
528 4094 660 4157 ursillum
681 4106 804 4178 putem.
848 4097 902 4159 Ad
923 4094 1000 4157 illud
1022 4094 1080 4157 lib.
1098 4099 1130 4159 1.
1153 4106 1215 4159 sat.
1240 4096 1271 4173 3,
1297 4096 1349 4159 65.
1374 4106 1432 4156 out
1549 4108 1551 4111 ·

2 4256 5 4265 ,
85 4192 215 4250 tacitum
233 4185 384 4273 appellet,
407 4190 488 4251 baec
502 4189 683 4263 adnotavit,
700 4209 763 4252 non
780 4199 842 4251 tam
859 4191 898 4250 ad
913 4190 1207 4271 reprehendendum
1223 4190 1428 4265 Lambinum,

84 4304 183 4367 quam
214 4286 253 4345 ad
277 4281 447 4346 Horatium
477 4282 715 4357 illustrandum
745 4280 907 4344 Fortassis
928 4292 1045 4344 rectum
1066 4294 1116 4345 est
1134 4280 1295 4368 appellat,
1329 4291 1365 4343 ut
1384 4283 1429 4342 ita

84 4373 179 4437 dictu
198 4374 348 4439 Horatium
368 4373 531 4462 appellere
552 4374 699 4465 aliquem,
723 4372 878 4463 quontodo
897 4371 1030 4437 dicamus
1048 4372 1171 4438 Gallice
1186 4371 1322 4437 aborder
1341 4372 1427 4463 quel·

85 4490 183 4559 quum
224 4470 311 4536 Illud
331 4471 449 4535 satirae
471 4472 504 4550 l,
529 4471 603 4536 105.
627 4473 737 4533 riserit
749 4481 849 4554 pater
867 4473 1006 4554 optamus
1025 4467 1085 4532 doc
1105 4473 1152 4533 mi
1172 4470 1215 4534 ait
1228 4491 1263 4534 se
1277 4469 1320 4533 ita
1335 4467 1430 4533 resti·

2 4636 3 4647 ¹
129 4648 161 4710 1)
180 4647 268 4718 Epist.
281 4644 316 4697 de
328 4646 408 4716 ‘loga
425 4649 454 4699 ln
467 4650 583 4717 quassit.
599 4661 645 4715 per
658 4649 737 4718 eptst.
757 4659 819 4718 par.
833 4640 880 4699 11¹.
896 4673 927 4686 -
942 4646 974 4708 2)
994 4642 1045 4697 lib.
1061 4647 1088 4697 2.
1109 4641 1143 4694 de
1155 4646 1256 4698 comit.
1276 4658 1339 4715 cap.
1352 4647 1380 4703 5.
1392 4668 1431 4683 -

2 4723 4 4733 ’
84 4728 122 4789 5)
142 4720 176 4774 ad
196 4737 222 4776 a.
242 4719 326 4780 1964.
347 4722 445 4775 Euseb.
471 4748 509 4762 -
534 4717 565 4792 ts)
584 4718 618 4771 ad
637 4734 699 4791 cap.
718 4721 764 4776 16.
784 4715 952 4773 Tertullisnt
972 4719 1006 4771 de
1028 4718 1100 4771 ldol.
1120 4745 1157 4759 -
1188 4720 1218 4784 5)
1238 4714 1273 4769 ad
1293 4715 1431 4790 Lamprid.

85 4805 119 4854 iu
135 4796 282 4849 Commod.
302 4824 340 4839 ·-
359 4798 389 4860 6)
408 4796 459 4848 lib.
472 4800 500 4854 3.
519 4794 552 4848 de
567 4794 655 4848 ludio.
675 4810 736 4863 cap.
751 4797 796 4852 19.
815 4823 854 4838 -
875 4797 904 4858 7)
924 4795 1004 4867 spon
1019 4792 1191 4846 Athenaeum
1215 4798 1259 4852 13.
1280 4811 1305 4865 p.
1326 4794 1391 4851 590.
1406 4809 1431 4845 e.

87 4888 167 4926 nnnc
185 4870 280 4924 editor
298 4869 372 4941 e'ts'agr
386 4865 620 4947 χαρισαμένους
639 4886 689 4941 pro
708 4867 784 4959 alico
795 4868 1036 4997 χρησαὸένουςς
1061 4869 1108 4925 sed
1129 4868 1281 4924 Lambinus
1302 4867 1431 4943 deceptus

88 4963 132 5001 esa
151 4962 168 5000 a
187 4942 256 4998 falsa
277 4947 341 5000 lect.
363 4944 415 5000 lid.
435 4943 516 5000 uuit.
536 4943 627 5016 claim
641 4962 864 5024 χρισαμενους.
933 4961 960 5004 t.
