3348 5584
333 379 392 447 lbi
751 376 803 441 M.
825 376 986 445 TULLII
1007 373 1261 444 CICERONIS

329 530 421 596 esunt,
450 516 565 601 pum
590 520 757 583 rudentum
783 517 890 602 eapite
914 517 1029 585 rostris
1054 523 1258 594 tutudenunt3
1279 518 1375 605 idque
1397 517 1520 605 signnm
1541 523 1626 588 muni·

331 617 393 681 but
417 612 585 679 iniustum
610 623 662 677 est
686 612 801 679 risun.
844 612 963 679 Cicero
984 625 1086 678 tanen
1112 634 1261 699 egressus
1284 613 1316 678 in
1341 613 1447 678 sillem
1473 637 1506 679 ee
1526 618 1628 699 recepit

331 721 365 777 et
383 707 480 793 quinti
496 708 602 784 stetim
625 706 669 772 ibi
690 726 864 773 meroru-
887 724 1002 794 magns
1022 730 1097 794 pars
1113 708 1196 774 tristi
1217 730 1297 775 rone
1319 711 1360 773 ed
1377 710 1544 775 Perennem
1560 732 1629 776 asse·

331 803 394 879 dits
415 824 496 871 urus
513 802 547 867 in
568 802 684 867 tantm
700 799 865 867 &edant
882 813 916 867 et
936 814 1046 868 nstro
1070 816 1209 880 vestem,
1233 825 1295 888 que
1314 801 1432 869 Gioero
1444 815 1544 868 teetss
1562 816 1627 879 erat,

328 896 491 983 paullatim
515 898 555 963 sb
576 914 634 961 ore
654 894 755 978 ipsius
776 894 923 960 remen.
965 895 1017 961 De
1038 900 1148 962 eadem
1168 919 1204 962 re
1223 897 1374 963 Valerius
1386 898 1442 965 lib.
1456 898 1488 963 l.
1509 899 1628 981 nenda

330 991 383 1057 M.
411 991 567 1057 Oiuerosri
594 1008 683 1055 muru
714 989 887 1053 imminens
923 993 1083 1072 auspicio
1119 991 1298 1072 praedicta
1330 1000 1400 1056 est:
1446 1012 1526 1055 cnm
1557 992 1629 1056 dn

329 1084 366 1147 iu
386 1081 472 1149 uilla
492 1081 656 1147 Caietano
675 1087 780 1155 esset,
812 1096 934 1142 corvus
964 1082 1000 1145 in
1019 1091 1203 1165 compacte
1222 1085 1295 1149 uus
1322 1082 1501 1163 horologii
1509 1080 1628 1162 sermm

330 1172 414 1239 lnce
440 1180 572 1239 metum
602 1172 754 1237 euanuit
786 1178 819 1233 et
842 1173 998 1250 protinus
1024 1172 1074 1235 ud
1098 1174 1209 1253 ipsam
1237 1171 1374 1237 telendit
1409 1188 1454 1237 oo
1484 1172 1628 1235 lueim‘en

331 1272 437 1345 togae
467 1282 508 1327 eo
540 1281 646 1344 nsque
665 1279 783 1324 morsu
806 1262 935 1338 tenuit,
966 1261 1071 1331 &nee
1102 1279 1212 1328 serens
1244 1261 1294 1327 ad
1316 1261 1542 1328 onetdaalsm
1566 1281 1628 1326 ern

330 1352 455 1417 milites
475 1355 596 1416 emmae
609 1352 792 1419 nuntiaret.
828 1351 990 1419 Hactenus
1008 1353 1169 1423 Valerium
1192 1375 1235 1417 es
1252 1373 1317 1437 qun
1339 1351 1509 1436 perspicue
1526 1370 1629 1436 enque·

327 1441 429 1511 scitm
448 1445 534 1527 apud
555 1443 762 1510 Plutarchum
796 1444 829 1521 ἐς
856 1446 1029 1524 rualem!
1058 1450 1207 1512 mendose
1235 1467 1299 1513 nen
1328 1466 1389 1530 pra
1423 1445 1550 1529 Capua,
1586 1445 1629 1507 sed

332 1535 443 1604 Caieta
465 1536 548 1623 legi3
581 1536 723 1624 quamtis
746 1536 913 1620 Appianas
936 1540 1007 1617 IV,
1042 1543 1095 1607 te.
1136 1540 1278 1625 Cepna-
1300 1540 1459 1614 nominet,
1496 1541 1535 1602 ad
1554 1558 1628 1622 quan

330 1630 426 1696 luerit
447 1632 526 1697 baec
543 1629 717 1707 ,Ciceronis
740 1629 833 1708 vitta,
871 1630 903 1695 in
928 1655 990 1718 qus
1016 1634 1254 1701 adventantibus
1275 1631 1630 1717 martaronensem

331 1725 381 1790 vis
403 1747 421 1790 e
442 1746 558 1793 somno
577 1723 733 1789 excitatus
754 1723 808 1788 sit.
852 1723 1001 1809 Sequitur
1016 1724 1260 1795 ie‘Plutat-ehns
1284 1727 1379 1792 Servi
1400 1728 1480 1791 haee
1499 1724 1629 1808 septem

330 1828 380 1884 tes
413 1840 501 1887 suess
531 1817 594 1904 ipsi
620 1816 779 1903 ignaviam
808 1820 1011 1897 damnarunt,
1048 1822 1076 1886 si
1096 1822 1205 1887 herilis
1225 1821 1330 1886 caedis
1355 1830 1554 1903 spectatores
1575 1836 1628 1882 esse

331 1913 526 1981 sustinerent
556 1934 692 1997 eumque
725 1912 843 1976 bestias
877 1914 1006 1981 damino
1036 1916 1241 1998 apamiense
1270 1935 1308 1978 ac
1333 1936 1395 1998 pro
1427 1912 1555 1998 intb’gno
1577 1910 1628 1975 eius

332 2027 409 2075 castt
430 2006 583 2073 mllicitae
603 2028 673 2071 esse
699 2006 864 2083 riderent,
887 2006 950 2090 ipsi
975 2031 1045 2075 eum
1071 2032 1134 2074 unu
1160 2008 1386 2085 defenderent,
1407 2008 1524 2090 partim
1546 2005 1629 2090 preci

331 2102 412 2179 burs,
444 2100 561 2185 partius
588 2100 623 2165 ri
652 2099 832 2185 impositum
863 2100 994 2166 lecticae
1019 2107 1059 2167 ad
1087 2125 1173 2171 ruane
1196 2101 1387 2169 detulerunt.
1430 2100 1557 2167 Interim
1572 2120 1629 2183 per.

332 2215 481 2261 cessores
500 2217 570 2263 urm
595 2194 745 2261 ministris
766 2201 1013 2281 superueniunt,-
1049 2198 1229 2267 Herennius
1257 2197 1402 2265 centuria
1431 2209 1465 2260 et
1493 2193 1628 2279 Popillim

332 2289 479 2357 tribunus
497 2289 650 2366 militurn,
674 2311 767 2374 quem
790 2296 952 2376 parricidii
969 2317 1057 2361 retem
1083 2292 1201 2360 Cicera
1227 2292 1302 2357 olim
1329 2291 1526 2357 defenderat.

415 2383 468 2453 De
496 2382 642 2467 Popillio
675 2385 740 2447 bne
769 2386 865 2469 multa
896 2392 1016 2459 &neos
1045 2389 1078 2453 in
1099 2383 1392 2452 Declamatiouibus
1421 2397 1455 2449 et
1480 2380 1629 2448 Strasariis.

331 2479 383 2545 De
397 2481 511 2545 eodem
528 2477 679 2543 Valerius
695 2478 750 2545 lib.
769 2481 815 2545 V.
829 2503 899 2564 cap.
920 2486 973 2549 &a
1000 2486 1050 2551 M.
1072 2483 1188 2546 Cicero
1209 2480 1242 2546 0.
1263 2480 1453 2560 Popillium
1472 2479 1630 2543 tuanen

331 2574 478 2639 Picenae
498 2574 648 2656 regionis
669 2583 799 2656 rogale
819 2574 871 2641 M.
893 2579 1002 2647 anlii
1019 2595 1088 2639 nan
1107 2574 1234 2635 minore
1255 2590 1343 2633 cura
1363 2588 1473 2653 quum
1497 2568 1631 2650 eloquere

332 2665 383 2725 tia
414 2661 586 2743 defendit,
606 2683 749 2745 eumque
778 2684 888 2731 causa
907 2666 1093 2733 admodum
1113 2659 1216 2724 dubia
1230 2658 1490 2737 fluctuantem,
1521 2657 1630 2720 salvum

332 2750 381 2816 ad
399 2761 538 2833 penales
558 2771 639 2817 suos
658 2754 796 2816 remisit.
853 2756 927 2822 Hie
957 2758 1123 2839 Popillius
1148 2762 1270 2833 pastea
1288 2770 1351 2815 nec
1372 2770 1409 2814 re
1429 2768 1493 2817 nec
1514 2744 1630 2812 verdon

334 2842 492 2909 Cicerone
524 2842 634 2929 laesus
663 2841 755 2907 ultro
778 2845 830 2910 M.
850 2848 1033 2913 Amanium
1051 2846 1207 2931 rogavit,
1238 2851 1276 2906 ut
1306 2839 1354 2905 ad
1375 2840 1480 2907 illum
1509 2833 1631 2921 prosae

329 2940 428 3013 ptum
441 2926 707 3017 persequendum
721 2944 754 2999 el
769 2937 999 3020 iugulandum
1016 2941 1221 3004 narraretur:
1242 2933 1498 3015 impetratisque
1514 2927 1630 2993 detesta-

333 3020 411 3084 dilis
427 3020 619 3085 ⁴ministerii
643 3022 817 3102 partibus,
846 3028 979 3110 gaudio
1008 3028 1183 3093 exsultans
1211 3023 1364 3088 Caietam
1384 3022 1538 3086 cucurrit
1554 3027 1581 3083 et
1599 3018 1631 3079 ri·

332 3133 429 3189 rum,
461 3112 580 3174 omitto
603 3110 698 3196 quod
716 3116 947 3196 amplissimae
967 3119 1165 3203 dignitatis,
1196 3122 1285 3179 certe
1305 3110 1441 3178 salubri
1458 3110 1565 3179 studio
1583 3105 1631 3187 (ill

331 3202 404 3289 lege
427 3224 444 3267 e
467 3200 702 3285 manuscriptis)
732 3211 936 3286 praestantis
957 3209 1069 3290 officii
1091 3209 1251 3288 privatim
1277 3202 1343 3266 sibi
1362 3202 1578 3267 venerandum
1594 3202 1631 3262 iu·

332 3296 457 3379 guium
476 3295 637 3377 praebere
659 3297 774 3373 iussit,
816 3317 860 3360 ac
888 3301 1044 3380 protinus
1071 3306 1179 3378 eaput
1196 3296 1370 3360 llomunae
1389 3292 1594 3376 eloquentiae
1610 3296 1631 3352 el

333 3391 433 3473 pacit
455 3388 683 3452 clarissimum
705 3385 881 3453 dexleram
907 3408 969 3471 per
987 3408 1156 3452 summum
1176 3396 1208 3451 el
1229 3406 1387 3452 securum
1408 3386 1518 3447 otium
1537 3398 1632 3461 ompt-

334 3482 419 3543 lavit
456 3498 565 3563 euque
597 3477 754 3560 sarcina,
788 3488 968 3563 tamquam
996 3479 1119 3560 opimis
1150 3478 1291 3559 spoliis,
1322 3475 1444 3538 alacer
1474 3476 1508 3535 iu
1534 3468 1632 3536 Urbem

333 3590 483 3635 reversus
505 3576 680 3651 estusque
710 3570 745 3633 ei
761 3569 939 3634 scelestum
958 3568 1113 3650 portanti
1132 3586 1216 3630 onus
1236 3566 1409 3628 succurrit
1430 3561 1524 3625 illud
1539 3579 1570 3625 se
1590 3577 1633 3622 ca·

333 3668 398 3741 pat
410 3658 529 3741 serre,
551 3656 648 3740 quod
663 3678 728 3738 pro
749 3663 863 3742 capite
884 3661 956 3724 eius
978 3656 1151 3736 quondum
1168 3663 1402 3737 peraraverat.

419 3746 572 3833 Sequitur
589 3752 673 3830 apud
688 3748 910 3814 Plutarchum:
937 3750 1152 3814 Percussurus
1174 3766 1243 3809 eum
1265 3744 1355 3809 iores
1376 3744 1499 3808 clatssas
1519 3737 1633 3806 insenis-

314 3855 418 3927 ⁴sent,
447 3863 499 3908 eas
529 3840 743 3925 effregerstnt3
772 3852 905 3929 'eumque
927 3840 1047 3909 Cicera
1076 3862 1139 3903 nou
1168 3848 1339 3921 appareret
1367 3849 1398 3902 et
1426 3836 1466 3915 ii,
1498 3835 1549 3921 qui
1569 3833 1633 3897 intus

334 3950 443 4015 erant,
472 3935 553 4002 scire
575 3954 627 4012 se,
657 3933 711 3999 ubi
733 3948 833 4015 esset,
863 3945 1050 4022 negassent,
1080 3933 1166 3997 aisrnt
1187 3933 1415 3997 adolescentem
1438 3932 1600 4017 quendam,
1621 3942 1634 3983 t

335 4032 494 4102 Cicerone
515 4028 547 4093 in
568 4027 661 4094 banis
678 4028 790 4094 litteris
807 4043 837 4093 et
852 4027 1022 4113 disciplinis
1038 4031 1221 4104 educatum,
1246 4025 1356 4106 Quinti
1370 4026 1479 4089 fratris
1493 4024 1632 4088 libertum

334 4124 543 4210 philologum
572 4122 719 4199 nomine,
747 4123 875 4188 tribuno
901 4123 1016 4188 dixisse
1044 4121 1185 4184 lecticam
1215 4141 1274 4203 per
1295 4119 1460 4184 silvestres
1485 4129 1516 4183 et
1537 4126 1633 4196 opacat

335 4218 564 4288 ambulationes
594 4217 634 4282 ad
661 4237 747 4283 mare
775 4216 905 4282 deferri.
950 4215 1114 4281 Tribunus
1138 4212 1237 4298 igitur
1264 4214 1467 4298 campaneis
1489 4209 1634 4278 comitibus

334 4314 453 4379 einim
476 4310 705 4377 ambulationes
732 4313 772 4375 ad
800 4312 919 4376 exitum
941 4306 1096 4374 cuccurrit.
1140 4306 1322 4371 Herennius
1342 4320 1430 4372 reeta
1453 4329 1511 4392 per
1531 4305 1633 4368 easdem

336 4408 493 4482 accurrit3
520 4407 608 4491 quod
635 4401 689 4468 ubi
712 4403 831 4471 Cicero
857 4401 1096 4479 animadvertit,
1127 4419 1241 4465 servos
1263 4400 1406 4467 lecticam
1427 4400 1471 4464 ibi
1494 4403 1633 4482 deponere

335 4500 438 4566 iussit.
482 4499 592 4575 Satis,
615 4496 718 4583 iuquit
739 4495 870 4573 Livius,
894 4509 1029 4564 constat
1056 4492 1337 4587 servossortiter
1350 4494 1569 4579 fideliterque
1584 4502 1634 4570 pu·

336 4606 433 4659 ratos
449 4590 576 4686 fuisse
603 4591 651 4655 ad
683 4591 935 4655 dinsieurstlum:
973 4590 1086 4675 ipsum
1115 4590 1239 4677 deponi
1274 4590 1429 4654 lecticam
1459 4598 1493 4652 et
1522 4582 1634 4672 quietat

333 4686 431 4772 pati,
470 4678 662 4773 quadrare
683 4685 974 4772 iniquaaognet,
1007 4684 1161 4749 iussisse.
1204 4681 1373 4767 Appianas
1402 4680 1512 4747 scribit
1538 4673 1634 4773 multet

337 4780 527 4846 &aarum
556 4790 764 4864 quaerentes,
798 4800 872 4845 num
899 4775 1014 4844 alieubi
1041 4775 1159 4845 Cieern
1188 4777 1277 4843 vises
1304 4790 1406 4845 esset:
1440 4794 1569 4858 auumque
1594 4762 1634 4827 ab

376 4936 406 5018 s)
425 4934 525 4993 Editur
543 4949 620 4993 nean
638 4939 679 5003 tic
696 4929 856 5023 [anitum.
885 5021 901 5038 s
