3348 5584
351 376 387 429 ο
458 368 554 433 reu
575 366 728 433 nouos
750 346 987 435 alcusam

270 862 342 909 mus
357 794 551 929 neuntio,
573 841 761 909 Tusculana
774 846 808 909 et
824 843 1001 910 Formiana
1017 846 1097 911 viiia
1118 849 1260 932 pecurda

272 936 405 1021 publica
420 934 626 1003 aedificanda
646 936 809 1004 Ῑιιοιιῐιιιι1

312 1044 387 1106 Hoc
403 1063 486 1106 anno
508 1042 619 1106 statim
634 1056 710 1126 post
733 1044 901 1109 Ciceronis
923 1047 1057 1111 reditum
1073 1046 1104 1111 in
1123 1047 1258 1136 eiusque

270 1137 454 1203 sententiam
476 1137 512 1198 fit
531 1136 668 1214 SCtnm,
694 1159 734 1201 ex
752 1160 856 1225 eoque
881 1142 932 1204 iex
949 1143 1194 1229 promulgatur,
1224 1155 1258 1207 ut

272 1233 429 1315 Pompeio
444 1251 502 1313 per
525 1230 770 1316 quinquennium
796 1247 941 1316 potestas
965 1234 1012 1298 rei
1033 1235 1257 1302 frumentariae

269 1337 341 1394 toto
366 1328 446 1391 orbe
473 1339 630 1389 terrarum
654 1329 821 1390 daretur.²
865 1329 902 1392 In
928 1328 1108 1413 quindecim
1128 1332 1253 1417 legatis,

153 1355 159 1503 Ι
270 1441 352 1505 qum
375 1419 467 1483 hirius
486 1422 532 1484 rei
556 1443 649 1485 caiisa
673 1421 848 1504 Pompeius
864 1422 923 1484 sibi
947 1423 1085 1509 legauit,
1122 1426 1183 1488 luit
1209 1426 1252 1506 Q.

272 1513 402 1590 Cicero,
421 1514 510 1599 isque
524 1515 557 1579 in
573 1536 612 1579 eo
629 1513 760 1599 negotio
777 1516 809 1578 in
826 1516 1000 1580 Sardiniam
1012 1517 1178 1601 profectus
1191 1531 1252 1582 est.
1334 1527 1339 1544 “

70 1654 143 1728 698
182 1652 237 1723 56
271 1653 367 1719 Coss.
413 1658 475 1720 Cn.
512 1655 690 1720 Cornelius
728 1657 896 1721 Leontius
929 1657 1177 1736 Marcellinum,
1216 1662 1256 1725 L.
1294 1668 1344 1737 Μ

412 1748 575 1813 Marcius
596 1749 786 1833 Philippus.

310 1866 410 1932 Initio
432 1869 509 1932 anui
530 1861 647 1932 Cicero
670 1869 703 1930 tn
724 1872 844 1933 senatu
871 1869 957 1959 agit,
993 1874 1030 1934 ut
1051 1869 1091 1935 P.
1114 1871 1257 1937 Lentulo

269 1954 403 2029 Ciliciae
419 1979 549 2045 procos.
571 1963 739 2050 nogotium
757 1960 893 2027 duretur
910 1963 1092 2029 Ptolemaei
1114 1967 1257 2054 regiain

268 2074 405 2142 regnum
421 2052 611 2119 reducendi.
655 2054 699 2120 P.
720 2053 860 2123 Sesiires
878 2077 899 2123 a
916 2057 967 2122 M.
988 2058 1096 2123 Tullio
1109 2059 1256 2124 Albino-

268 2168 355 2214 vano
369 2149 446 2235 lege
459 2146 595 2212 liuiaiia
610 2146 698 2219 davi
716 2152 905 2233 postulatus
922 2151 1144 2218 defenditura
1157 2147 1257 2219 Cice-

267 2262 348 2317 rone
378 2242 528 2305 oratione
554 2260 638 2327 quae
661 2246 788 2328 exstat,
821 2247 856 2308 et
879 2245 1073 2310 absolvitur.
1120 2246 1161 2310 Iu
1183 2265 1256 2311 eum

269 2336 421 2402 Vatinius
438 2338 658 2401 testimonium
676 2335 820 2400 dixerut.
863 2337 981 2421 Itaque
997 2332 1115 2403 Cicero
1131 2357 1257 2426 perpe·

268 2435 325 2494 tna
345 2434 618 2515 iuterroputioue
641 2431 712 2495 eius
734 2431 890 2493 vitamet
913 2432 1114 2495 tribunatum
1135 2451 1255 2517 repre-

269 2523 391 2589 hendit.
406 2524 469 2588 ΙΙΙ.
488 2522 537 2587 Id.
553 2522 652 2589 Febr.
668 2523 816 2588 Bestiam
835 2521 985 2587 defendit
1001 2523 1042 2589 dc
1060 2526 1183 2590 ambitu
1194 2523 1256 2593 ac-

268 2621 425 2684 cusatum.
456 2616 546 2681 Prid.
557 2616 642 2682 Non.
660 2617 745 2701 Ape.
761 2615 901 2682 'l'uiliem
919 2617 1016 2683 filiam
1034 2618 1136 2683 Furio
1151 2614 1256 2685 Cras-

267 2710 372 2796 sipedi
388 2710 587 2795 despondet·
632 2705 713 2777 Cum
737 2729 826 2775 anno
851 2713 1023 2795 superiore
1046 2711 1200 2803 prodigia
1219 2715 1255 2778 in

234 2826 349 2893 -agro
384 2805 567 2869 Latiniensi
602 2804 693 2869 taeta
729 2809 842 2869 essem
884 2807 918 2869 et
951 2804 1148 2891 haurapices
1176 2826 1256 2887 ,eum

266 2900 349 2964 alias
365 2915 500 2983 causas,
522 2899 590 2960 tum
608 2895 693 2962 haiae
715 2897 921 2985 attulissent,
950 2898 1039 2982 quod
1060 2901 1136 2967 loca
1157 2919 1256 2968 saera

268 3012 326 3078 pro
349 2992 500 3077 profanis
517 2991 735 3076 liabercniur3
757 2987 894 3057 Clodius
906 2991 1023 3056 aedilis
1040 2995 1074 3056 iu
1094 2997 1254 3061 concione

269 3088 365 3172 dixit,
404 3083 532 3149 domum
558 3081 730 3150 Ciceronis
756 3086 855 3150 eiiam
884 3087 971 3150 inter
995 3105 1036 3151 ea
1063 3089 1139 3155 loca
1169 3107 1254 3175 esse,
1302 3124 1307 3135 ·

268 3199 351 3266 qnae
374 3178 570 3245 consecrata
591 3179 734 3263 profana
756 3178 973 3263 itabereniur3
1013 3200 1077 3265 quo
1104 3183 1255 3266 tempore

268 3273 372 3339 oratio
395 3291 416 3337 a
442 3267 604 3339 Cicerone
627 3272 670 3335 de
692 3271 917 3358 nuncapium
945 3279 1120 3360 responsis
1141 3274 1256 3342 habita

268 3386 340 3435 esse
354 3367 498 3455 fingitur.
531 3364 660 3431 Deinde
677 3364 881 3431 defendite.
895 3362 1094 3432 Comreiium
1105 3366 1254 3435 Bulbum

269 3459 482 3548 Gaditanum,
512 3481 606 3546 quoni
627 3462 804 3527 accusator
821 3464 1009 3548 negaverat
1026 3462 1097 3526 lure
1116 3464 1254 3528 civitate

268 3556 431 3620 donatum.
478 3553 598 3619 Paullo
617 3558 694 3639 posi
723 3556 757 3617 in
784 3556 904 3617 senatu
927 3552 1041 3621 hebuit
1070 3559 1252 3622 orationem

269 3650 310 3714 de
327 3653 515 3735 provinciis
536 3648 784 3714 curentur-tim.
839 3646 966 3712 Eodem
992 3666 1080 3725 anno
1103 3648 1254 3716 defendit

268 3742 317 3808 ii.
350 3738 509 3809 Caelium
531 3741 573 3807 de
590 3761 689 3827 uuro,
711 3739 837 3826 quoda
858 3736 975 3807 Clodia
1002 3743 1198 3829 competere,
1220 3747 1253 3809 et
1306 3759 1310 3766 ·

268 3835 309 3902 de
326 3854 472 3922 veneno,
495 3834 583 3921 quod
607 3838 636 3901 ei
654 3853 793 3921 parasse
810 3833 1003 3917 dicebatur,
1025 3838 1225 3903 accusatura

309 3941 350 4007 C·
380 3943 479 4006 1ιι1ἰιιι
508 3941 648 4017 Caesar,
680 3940 881 4006 exercituin
907 3940 1047 4004 hibernis
1069 3941 1250 4016 collocato,

268 4036 430 4099 discedens
458 4035 489 4099 in
520 4035 641 4099 ltaliam
667 4037 778 4099 Lucae
804 4033 933 4097 hiemat.
977 4035 1030 4097 Eo
1060 4035 1250 4116 Pompeium

268 4139 298 4191 ci
317 4127 467 4192 Crassum
497 4141 612 4205 vocat,
653 4150 723 4191 cum
753 4128 853 4213 iisque
873 4127 1062 4209 paciscitur,
1096 4139 1132 4192 ut
1157 4131 1250 4191 ambo

267 4222 462 4286 consulatum
489 4222 621 4285 alterum
645 4235 769 4305 petant,
793 4235 824 4288 et
843 4225 901 4286 hac
923 4225 1046 4287 ratione
1070 4224 1114 4285 L.
1133 4222 1247 4285 Domi·

267 4317 341 4378 tium
365 4293 530 4379 considam
563 4318 756 4394 detrudant,
791 4317 845 4400 qui
873 4318 1007 4380 minatus
1037 4326 1107 4377 erat
1138 4336 1193 4391 ee,
1224 4316 1249 4380 si

266 4409 377 4474 consui
402 4410 505 4473 iactans
524 4423 624 4488 esset,
649 4409 781 4475 Caesari
799 4412 960 4475 exercitus
978 4412 1209 4490 adempturum.

99 4554 145 4628 99
181 4564 232 4646 55
267 4549 364 4615 Coss.
407 4554 468 4708 gu.
500 4550 682 4711 Pompeius
710 4553 869 4635 Magnus
900 4553 967 4626 11„
1007 4550 1063 4613 Μ
1101 4546 1262 4645 diripitis,
1287 4564 1340 4657 52
1468 4564 1473 4573 ’

431 4666 551 4710 rossus
610 4688 619 4707 .

240 4732 252 4755 ο
306 4757 464 4823 Consules
483 4779 525 4820 ex
550 4756 734 4842 interregno
757 4757 971 4842 magistratum
999 4752 1119 4817 ineunt.
1162 4755 1249 4819 Pro·

163 4872 249 4885 —

1022 4866 1244 4881 m

302 4924 331 4986 1)
351 4917 384 4970 ad
399 4920 453 4971 iu.
467 4917 513 4971 lv.
528 4923 553 4972 2.
568 4924 596 4977 3.
637 4923 666 4985 2)
686 4914 720 4970 ed
733 4875 788 4973 itt.
802 4916 849 4975 lv.
866 4924 888 4971 t.
