3322 5578
584 447 826 514 russeum.
1304 410 1308 423 ’
1338 454 1377 517 19

55 606 205 669 hasirim
235 606 408 689 biennio,¹
426 634 497 697 qao
525 616 819 697 comprehenditur
849 635 957 679 annus
991 574 1087 681 llrbis
1113 617 1316 686 DCLXVIII.
1343 633 1377 687 ct

52 693 226 793 DPLXIX.
250 699 423 766 Ciceronis
435 703 554 771 XXII.
569 716 601 771 et
614 707 750 773 XXIII.
771 706 928 771 eonsules
949 726 971 769 a
993 728 1027 771 se
1048 713 1158 772 creati
1176 730 1246 774 rem
1263 711 1377 793 publi-

134 856 159 865 „
570 817 649 861 cam
678 808 855 862 tenuerunt

79 956 120 1030 n.
148 957 440 1043 comesus
468 965 624 1079 ciuus
646 936 743 1064 iu,
783 966 860 1041 cu.
889 967 1130 1045 ructuas
1159 968 1336 1046 cunno.

120 1132 195 1214 Qua
218 1135 348 1203 ratione
370 1140 424 1204 M.
449 1142 575 1227 Tullius
597 1145 661 1208 hoc
683 1142 872 1219 triennium,
897 1165 962 1228 quo
986 1145 1073 1209 Urbs
1095 1145 1165 1209 lere
1188 1145 1253 1209 sinc
1277 1148 1373 1211 armis

46 1224 113 1304 init,
136 1232 341 1311 traduxerit,
370 1235 493 1318 ipsein
516 1238 621 1303 Bruto
644 1261 716 1322 cap.
740 1239 793 1302 90.
818 1237 865 1299 his
889 1237 995 1300 verbis
1018 1238 1170 1320 exponit:
1207 1242 1302 1324 Ego,
1322 1244 1371 1309 in-

47 1320 121 1403 quit,
156 1325 229 1388 hoc
252 1337 403 1410 tempore
425 1334 520 1397 omni
545 1343 662 1397 noctes
683 1341 715 1396 et
733 1332 802 1396 dies
822 1333 856 1392 in
879 1334 1030 1395 omnium
1051 1332 1286 1399 doctrinarum
1307 1360 1375 1404 me-

48 1416 203 1480 ditatione
226 1419 395 1483 versobar.
430 1420 535 1485 Eram
555 1443 634 1487 oum
649 1424 770 1486 Stoico
785 1420 953 1485 Diodoto:
974 1425 1039 1504 qui
1057 1443 1137 1486 eum
1157 1424 1373 1494 habitavisset
1423 1508 1425 1511 ¹

51 1506 136 1585 apud
152 1527 206 1571 me
228 1528 433 1593 mecumque
456 1514 607 1591 vixisset,
627 1535 737 1594 nuper
756 1522 804 1577 est
825 1510 921 1574 domi
942 1532 1038 1576 meae
1059 1522 1236 1577 mortuus:
1256 1538 1279 1580 a
1301 1540 1371 1604 quo

54 1617 124 1658 eum
141 1600 174 1660 in
194 1597 280 1661 aliis
301 1598 417 1678 rebus,
437 1610 510 1666 tum
532 1602 772 1667 studiosissime
794 1605 827 1663 in
849 1600 1036 1666 dialectica
1057 1603 1259 1682 exercebam
1281 1630 1372 1693 quae

56 1690 141 1769 qnasi
155 1698 345 1752 contracta
366 1701 397 1754 et
419 1696 564 1757 astricta
584 1695 779 1777 eloquentia
799 1692 956 1772 putanda
984 1704 1051 1770 est;
1077 1697 1148 1759 sine
1173 1718 1243 1779 qua
1264 1704 1371 1765 etiam

53 1785 100 1853 ta,
115 1775 240 1855 Brute,
261 1779 472 1863 iudicavisti,
493 1793 523 1848 te
546 1785 646 1846 illam
667 1786 794 1845 iustam
814 1783 1064 1865 eloquentiam,
1087 1805 1195 1869 quum
1215 1786 1371 1855 dialecti-

49 1885 115 1929 cam
135 1867 328 1932 dilatatam
347 1892 417 1935 esse
436 1883 579 1954 putant,
609 1874 775 1956 consequi
800 1894 867 1935 non
887 1893 996 1954 poste.
1038 1873 1202 1940 Hactenus
1232 1877 1369 1963 Cicero,

46 1956 91 2039 qui
109 1958 197 2021 hune
218 1957 397 2024 Diodotum
421 1962 478 2026 lib.
499 1964 530 2027 Ι.
555 1986 627 2045 cap.
652 1965 684 2027 3.
709 1966 746 2025 de
769 1965 846 2026 Nat.
870 1963 975 2026 Deor.
998 1967 1104 2048 primo
1126 1969 1202 2035 loco
1225 1991 1371 2042 numerat

45 2050 117 2114 ister
138 2072 199 2116 eos
221 2052 457 2137 philosophos,
487 2058 644 2141 aquibus
665 2058 826 2122 institutus
850 2057 922 2121 tuit.
967 2059 1018 2123 De
1041 2066 1152 2127 eodem
1176 2065 1206 2128 in
1230 2069 1369 2138 Lucullo

46 2167 107 2229 cap.
129 2147 186 2212 36.
238 2148 389 2212 Diodoto
411 2149 496 2233 quid
506 2152 650 2231 faciam
670 2151 818 2214 Stoico?
844 2174 946 2235 quem
968 2175 990 2216 a
1009 2176 1117 2237 puero
1140 2158 1276 2239 audivi,
1308 2171 1371 2251 qni

45 2261 168 2304 mecum
181 2243 261 2304 vivit
271 2248 323 2303 tot
338 2261 456 2317 annos,
471 2246 534 2325 qui
542 2241 676 2305 habitat
690 2241 787 2322 apud
798 2264 862 2319 me,
878 2264 978 2324 quem
991 2256 1022 2308 et
1036 2248 1189 2312 admiror
1202 2261 1233 2314 et
1245 2251 1366 2338 diligo.

47 2343 125 2413 step.
136 2333 190 2395 tc.
200 2331 372 2396 tiuxttt.
383 2330 520 2396 adFam.
544 2331 745 2414 Apollonius
760 2331 853 2394 domi
863 2355 958 2397 meae
973 2355 1051 2396 cunr
1061 2338 1222 2416 Diodoto,
1234 2342 1366 2425 Stoico,

46 2425 187 2503 homine,
208 2430 287 2489 me‘o
310 2425 461 2507 iudicio,
483 2424 728 2500 eruditissimo,
750 2423 897 2485 multum
920 2443 943 2485 a
962 2444 1071 2503 puero
1085 2426 1175 2505 fuit.
1213 2430 1367 2497 Eiusdem

49 2517 177 2579 meminit
199 2539 254 2598 ep.
278 2518 310 2579 l.
326 2516 381 2579 lib.
401 2516 467 2579 IX.
484 2519 524 2578 ad
546 2516 654 2590 Fam.;
683 2518 720 2576 de
742 2534 806 2597 qtso
825 2514 899 2576 loco
921 2514 979 2574 etsi
1003 2515 1157 2580 Hadriani
1173 2523 1317 2589 Turucbi
1336 2539 1368 2590 et

52 2607 132 2671 Petri
147 2610 263 2686 Remi,
286 2623 532 2693 praeceptorum
556 2631 717 2683 meorum,
742 2628 835 2692 qliae,
862 2617 895 2669 ut
917 2606 1060 2688 ipsorum
1084 2611 1218 2697 dignitas
1240 2620 1365 2700 poscit,

51 2702 168 2767 honoris
189 2704 295 2788 gratia
318 2704 469 2781 nomino,
495 2704 669 2767 sentcntiae
692 2703 860 2787 aliquando
883 2700 1024 2764 nonnihil
1048 2705 1286 2790 discreparant,
1313 2735 1365 2779 res

47 2806 137 2861 tanen
157 2797 229 2880 ipsa
253 2821 296 2862 ex
319 2820 394 2862 vera
417 2797 507 2860 huius
531 2797 666 2885 nominis
696 2796 873 2878 scriptura,
902 2816 996 2878 qtsam
1024 2798 1210 2878 Victorius,
1246 2805 1366 2872 Manu·

44 2889 96 2954 tius
113 2904 143 2955 et
161 2894 357 2971 Lambinus,
380 2893 444 2956 viri
464 2892 652 2964 doctissimi,
678 2914 696 2975 e
721 2889 851 2955 vetustis
868 2888 957 2950 libris
981 2888 1167 2971 ediderunt,
1191 2896 1252 2962 iam
1274 2916 1366 2969 extra
1407 2936 1414 2941 ·

42 2987 288 3052 controversiam
311 2998 372 3051 est.
423 2986 474 3050 De
496 2990 607 3050 eodem
632 2984 750 3050 Cicero
781 2983 914 3046 Tuscul.
937 2983 995 3046 lib.
1020 2987 1066 3048 V.
1091 3006 1162 3069 cap.
1186 2991 1265 3058 39«
1286 2997 1366 3064 Dio·

42 3075 131 3141 dotas
154 3080 318 3162 Stoicus,
339 3102 484 3162 caecus,
504 3079 632 3145 maltos
656 3098 763 3143 annos
790 3087 927 3173 nostrae
957 3076 1053 3140 domi
1067 3083 1178 3160 uixit,
1208 3089 1235 3149 r's
1268 3110 1366 3175 vero,

41 3170 128 3249 quod
148 3170 312 3239 credibile
341 3176 399 3235 oin
425 3184 528 3253 esset,
560 3193 641 3235 cum
666 3173 700 3233 in
726 3168 947 3251 philosophia
983 3170 1095 3232 multo
1119 3176 1224 3238 etiam
1251 3183 1394 3262 magis-

41 3260 185 3338 assidne,
215 3282 324 3346 quam
349 3272 470 3346 antea,
504 3272 710 3339 versaretur,
741 3269 773 3323 et
802 3278 882 3321 cum
912 3257 1039 3337 fidibus
1068 3262 1365 3349 Pythagoreorum

40 3368 125 3413 nore
143 3362 298 3417 uteretur
318 3374 465 3439 eumque
484 3358 517 3419 ei
535 3353 616 3418 libri
633 3360 748 3415 noctes
772 3358 802 3413 et
830 3348 897 3413 dies
919 3351 1132 3432 legerentur:
1162 3357 1303 3440 (quibus
1328 3362 1363 3423 in

39 3439 150 3503 andin
177 3444 290 3506 ocutis
318 3466 388 3508 non
419 3445 555 3527 egebat)
587 3455 678 3520 tum,
711 3439 806 3526 quod
831 3442 902 3504 stne
934 3442 1045 3504 ocutis
1061 3442 1147 3518 fieri
1173 3466 1271 3528 posse
1305 3452 1364 3513 vix

40 3530 180 3608 ridetur,
199 3539 410 3615 geometriae
431 3528 563 3599 manus‘
576 3535 757 3608 tuebatur,
778 3529 882 3595 verbis
907 3535 1123 3612 praecipiens
1145 3537 1364 3617 discentibus,

39 3620 135 3704 ande,
166 3642 239 3705 qno
266 3645 442 3710 quamque
468 3626 595 3690 lineam
621 3624 791 3687 ducerent.
832 3621 987 3685 Mortuus
1007 3623 1069 3685 suit
1091 3623 1230 3691 Caesare
1253 3641 1284 3692 et
1305 3631 1363 3694 Bi·

39 3711 108 3776 tuo
132 3734 221 3777 coss.
252 3737 336 3780 anuo
358 3718 399 3779 ab
425 3717 468 3781 U.
496 3715 538 3781 C.
569 3712 768 3780 DCXCIV.
813 3713 983 3779 Cornelius
1011 3718 1143 3783 Tacitus
1172 3720 1205 3783 in
1231 3712 1362 3809 dialogo

42 3804 72 3865 le
97 3806 266 3874 censoria
299 3831 372 3893 cap.
403 3811 467 3889 30.
487 3812 547 3887 ait,
587 3809 779 3874 Ciceronem
807 3813 890 3890 apud
916 3809 1085 3874 Philonem
1115 3814 1361 3895 Academicum,
1453 3830 1456 3837 '

42 3903 111 3978 apul
135 3900 315 3967 Diodotum
338 3904 481 3969 Stoicum
512 3923 620 3971 omues
646 3902 869 3984 philosophiae
907 3913 1015 3982 partes
1048 3905 1174 3986 penitus
1206 3908 1361 3974 hausisse.

38 3991 126 4061 Attis
152 3993 275 4063 Cicero
303 3997 335 4062 in
364 4001 468 4064 Bruto
495 4021 567 4081 cap.
595 3998 649 4062 90.
693 3998 793 4063 Huic
821 4018 887 4079 ego
912 3994 1051 4059 doctori
1076 4004 1201 4065 eteius
1230 4002 1360 4066 ortibus

39 4090 129 4153 sarus
149 4100 258 4175 atque
286 4094 404 4157 multis
429 4097 479 4157 ita
501 4113 596 4158 eram
617 4100 731 4154 tamen
755 4087 904 4163 deditus,
927 4096 965 4149 ut
990 4086 1034 4149 ab
1058 4093 1360 4159 exercitationibus

38 4182 188 4244 oratoriis
211 4183 330 4245 nullus
354 4182 425 4248 dies
449 4205 580 4249 vocaus
608 4191 709 4259 esset,·
730 4174 986 4244 commentabar
1009 4176 1233 4246 declamitant
1256 4202 1359 4262 saepe

37 4284 104 4332 cum
126 4269 179 4334 M.
204 4271 324 4336 Pisone
341 4282 373 4339 et
391 4295 473 4337 eum
492 4276 532 4354 0.
549 4273 714 4354 Pompeio
736 4278 798 4332 aut
820 4290 899 4332 cum
917 4267 1040 4351 aliquo
1064 4272 1235 4352 quotidie;
1257 4271 1359 4356 idque

34 4353 203 4430 faciebam
229 4365 376 4427 multam
397 4367 501 4429 etiam
515 4364 651 4440 Latine,
671 4361 730 4425 sed
746 4359 873 4427 Graece
891 4359 1049 4438 saepius:
1070 4362 1122 4423 vel
1142 4362 1239 4447 quod
1260 4362 1360 4426 Grae·

44 4466 77 4511 ca
110 4455 228 4516 oratio
262 4456 370 4535 plura
405 4465 605 4520 ornamenta
638 4450 857 4536 suppeditans
892 4447 1169 4516 consuetudinem
1203 4452 1360 4515 similiter

45 4534 147 4608 latine
175 4542 313 4608 dicendi
338 4544 526 4627 offerebam
554 4544 605 4610 oei
633 4543 729 4628 quod
755 4562 777 4604 a
803 4540 939 4606 Graecis
971 4552 1110 4601 summis
1144 4539 1358 4622 doctoribus,

41 4630 94 4691 titi
113 4633 242 4700 Graece
277 4637 445 4716 dicerem,
464 4658 572 4720 neque
600 4635 734 4715 corrigi
761 4653 896 4717 possem
917 4648 1025 4715 neque
1054 4629 1182 4695 doceri.
1224 4629 1359 4694 Cicero-

41 4736 97 4785 nen
120 4730 159 4789 ad
184 4745 368 4812 praeturam
391 4749 492 4814 usque
514 4729 639 4792 Graece
666 4727 874 4800 declamasse,
906 4734 1020 4786 atsctor
1046 4731 1094 4783 est
1120 4722 1291 4790 Suetonius
1317 4726 1357 4785 de

43 4811 122 4879 elaris
149 4822 337 4888 rhetoribus
362 4844 435 4905 cup.
459 4827 490 4886 t.
537 4822 633 4888 Circa
655 4824 718 4885 hoc
735 4833 860 4902 tempus
884 4815 1023 4892 Cicero,
1048 4836 1119 4877 cum
1140 4814 1281 4883 Aratum
1295 4815 1356 4878 iam

43 4901 204 4978 Romanum
230 4914 426 4983 hexametris
448 4914 593 4981 versibus
619 4917 785 4991 edidisset,
809 4913 843 4976 in
870 4908 1098 4990 Xenophontis
1125 4911 1355 4974 Oeconomico

43 4990 121 5068 imile
151 5020 186 5073 at
214 5008 330 5076 scribit
357 5008 575 5096 Eletonymus
604 5009 637 5075 in
661 5009 862 5097 praefatione
894 5005 925 5068 in
955 5003 1079 5067 Euseb.
1110 4998 1236 5066 Chron.
1279 4998 1355 5079 lpse
