3348 5584
284 350 346 411 tlt
548 347 891 415 MEMORABILIA
912 346 1059 411 VtTAE
1083 343 1338 409 CICERONIS

507 817 835 978 Plutonltsstdlalogos
868 839 887 887 e
910 817 1042 887 Graeco
1070 820 1105 886 br
1126 819 1280 891 Lollnum
1308 833 1503 885 sermonem

508 933 633 980 conver
676 961 684 979 .

651 1146 842 1210 Nor-barrus
863 1144 1004 1208 bulbus.

549 1256 636 1322 Sulla
663 1277 741 1338 paee
763 1278 834 1320 oum
860 1255 1049 1321 Mithridate
1078 1257 1164 1321 lacta
1191 1256 1223 1320 in
1247 1253 1370 1321 Italiam
1396 1252 1502 1328 redit,

509 1349 551 1415 C.
570 1353 759 1415 Norbanum
782 1372 853 1415 eos.
876 1349 1002 1433 proelio
1028 1350 1138 1415 vincit.
1183 1349 1294 1433 Scipio
1320 1348 1404 1412 alter
1428 1368 1502 1412 cos.
1587 1404 1589 1417 ,
1670 1400 1671 1413 .

507 1450 544 1508 ael
578 1448 719 1510 'l'eanom
754 1467 824 1508 oum
855 1445 998 1510 exercitu
1029 1445 1195 1526 proiectos
1237 1465 1307 1508 cum
1340 1443 1433 1509 Sulla
1464 1442 1504 1503 ‹le

507 1539 592 1621 paris
615 1549 646 1601 et
671 1538 719 1607 rei
740 1540 885 1621 publicae
907 1540 1099 1605 ordinandae
1125 1537 1361 1602 conditionibus
1382 1536 1456 1621 agit
1470 1537 1504 1609 ¹,

505 1633 676 1718 dequibus
701 1653 772 1695 eum
798 1633 881 1696 inter
908 1656 965 1698 eos
989 1620 1073 1697 baud
1098 1632 1323 1708 convenisset,
1363 1630 1497 1697 exerci-

505 1738 556 1788 tus
585 1725 744 1808 Scipionis
775 1727 866 1811 signa
899 1730 939 1790 atl
967 1728 1085 1792 Sullam
1112 1726 1283 1802 translert;
1328 1728 1398 1809 ipse
1428 1744 1502 1786 earm

507 1818 573 1884 lilio
591 1820 678 1885 solus
697 1820 730 1884 iu
748 1820 859 1883 castris
882 1821 1011 1884 relictus
1029 1841 1046 1882 a
1061 1820 1148 1883 Sulla
1169 1820 1335 1884 dimittitur
1353 1830 1386 1883 et
1404 1820 1503 1883 Mas·

445 1918 449 1935 ¹
506 1914 605 1976 siliam
632 1914 697 1978 abit
718 1914 933 1979 exsulattrm.²
977 1913 1174 1997 Capitolium
1203 1917 1242 1978 de
1265 1914 1357 1978 caelo
1377 1922 1502 1975 tautum

506 2007 695 2094 conflagrat.

192 2215 196 2222 ,
302 2145 382 2219 672
421 2154 472 2223 82
508 2147 605 2214 Coss.
650 2150 690 2214 0.
712 2112 916 2217 Marius’c.
939 2153 1001 2228 R,
1026 2153 1088 2217 Cn.
1111 2148 1273 2232 Papirius
1295 2147 1410 2216 Carbo
1428 2147 1501 2213 111.
1539 2146 1586 2214 25

549 2262 593 2324 L.
616 2260 831 2345 Damasippus
854 2274 984 2345 praetor
999 2274 1130 2327 auctore
1146 2260 1259 2326 Mario
1274 2281 1345 2325 eos.
1370 2279 1500 2324 omnem

507 2353 705 2419 nobilitatem
746 2355 895 2419 trucidat.
957 2356 1045 2420 Sulla
1090 2355 1165 2419 fuso
1200 2357 1242 2420 ad
1274 2353 1501 2436 Sacriportum

506 2448 650 2512 exercitu
678 2449 709 2514 in
739 2451 861 2516 Urbem
882 2449 992 2528 venit,
1016 2448 1161 2514 inimicos
1181 2448 1259 2534 fuga
1277 2449 1407 2530 elapsos
1424 2468 1504 2528 pro·

506 2542 634 2617 scribit,
671 2564 849 2628 eorumque
883 2546 967 2609 boon
988 2543 1142 2627 publicat.
1186 2543 1311 2609 Deinde
1334 2540 1502 2625 praesidio

507 2635 587 2701 Urbi
610 2636 764 2719 imposito
792 2637 855 2702 Co.
886 2636 1119 2714 Carbonem,
1159 2641 1293 2717 alterum
1319 2637 1500 2709 considero,

507 2728 629 2815 aliquot
643 2729 774 2811 proeliis
792 2730 901 2810 vincit,
924 2754 1016 2817 quem
1036 2753 1123 2809 mox,
1140 2734 1171 2799 in
1189 2732 1325 2796 Siciliam
1340 2733 1500 2814 elapsum,

509 2818 573 2886 Cn.
595 2822 769 2904 Pompeius
791 2836 918 2907 captum
943 2825 1116 2891 interfecit.
1158 2827 1330 2892 Postremo
1353 2825 1501 2910 reliquos

509 2914 675 2979 Marianae
688 2916 835 2982 lectionis
856 2922 952 2982 dtrees
974 2917 1175 2996 Carinatem,
1207 2916 1445 3003 Damasippum
1468 2923 1516 2993 etl

511 3007 551 3072 C.
584 3010 743 3074 Marcium
774 3010 987 3077 Censorinum
1017 3036 1089 3077 oum
1118 3013 1216 3077 soelis
1243 3012 1363 3098 ingenti
1389 3033 1499 3097 pugna

509 3115 651 3184 superat.
694 3104 770 3184 Quo
792 3106 880 3171 laeto
902 3106 936 3171 in
958 3110 1076 3172 Urbem
1099 3110 1183 3171 redit
1204 3118 1237 3171 et
1250 3128 1363 3192 magna
1383 3107 1500 3170 civium

510 3196 706 3263 mrrltitutlinn
720 3200 936 3265 crubelisairao
950 3201 1106 3267 trucidata
1115 3201 1269 3266 dictator
1283 3202 1325 3264 ab
1338 3200 1501 3283 interrege

511 3291 554 3353 L.
578 3291 713 3355 Valerio
739 3293 861 3359 Flacco
887 3295 961 3379 loge
988 3285 1027 3358 ab
1052 3295 1206 3380 populum
1239 3296 1300 3360 lata
1326 3294 1500 3366 ereatur⁴;

511 3404 602 3467 qttam
629 3383 815 3450 dictaturam
840 3409 900 3471 per
924 3388 1046 3475 aliquot
1079 3411 1179 3454 annos
1205 3399 1310 3467 tenet,
1349 3387 1500 3453 consules

512 3490 615 3540 tamen
631 3479 735 3543 creari
752 3501 877 3563 passus.

306 3616 385 3689 673
426 3627 475 3695 81
512 3615 616 3701 coss„
654 3621 711 3684 Μ.
725 3621 861 3686 auerte
875 3624 1016 3700 Deoua,
1036 3627 1099 3690 m.
1115 3624 1294 3691 corneum
1305 3622 1499 3699 aaronem.
1536 3604 1583 3683 ab

553 3730 639 3794 Sulla
658 3752 724 3795 rem
751 3732 908 3814 publicam
938 3735 1033 3800 noris
1060 3736 1184 3822 legibus
1210 3735 1389 3805 constituit.
1436 3733 1499 3799 Co.

515 3823 704 3906 Pompeius,
739 3827 827 3891 bello
852 3826 885 3890 iu
912 3828 1025 3892 Ale-ica
1055 3851 1125 3894 curu
1148 3830 1293 3897 Domitio
1320 3841 1352 3894 et
1375 3829 1499 3894 Hiarba

512 3938 589 4026 rege
611 3919 776 4077 Nprrrridiae
806 3920 976 4000 confecto,
1007 3926 1146 3990 XXVI.
1167 3946 1265 3990 annos
1291 3935 1381 3990 natus
1402 3942 1500 4007 eques

515 4026 628 4097 trurmp
654 4026 698 4078 at.
1431 4028 1434 4038 '

555 4126 673 4199 Cicero
696 4133 879 4199 mellonem
900 4133 1002 4200 habet
1021 4154 1085 4222 pro
1116 4133 1267 4216 Qutrrtto.

308 4262 390 4334 674
427 4270 481 4338 oo
514 4265 612 4333 coss.
656 4272 698 4425 p
723 4267 902 4426 opererio.
925 4272 1023 4336 Sarra
1042 4273 1093 4337 ιι.
1116 4274 1161 4355 ρ.
1185 4271 1356 4337 carerem
1376 4268 1501 4338 Meru-
1536 4250 1582 4323 2⁷

670 4383 711 4425 tao
778 4384 831 4425 tw.

513 4475 672 4638 “alpem
694 4477 844 4576 defenbll
859 4476 941 4550 Sex.
958 4482 1117 4553 Roscium
1130 4485 1323 4555 Amerinum
1335 4478 1501 4570 pomloldll

405 4697 737 4715 --n-m

552 4761 581 4821 1)
603 4755 673 4812 l‘bil.
696 4757 766 4815 xtl.
789 4767 833 4816 ss.
883 4760 912 4836 2)
932 4779 983 4833 pro
1002 4762 1092 4817 Sestio
1113 4769 1139 4824 5.
1158 4767 1221 4841 ,5)
1245 4763 1279 4815 atl
1300 4763 1374 4817 Fam.
1396 4760 1445 4815 tx.
1465 4760 1495 4810 21

435 4838 439 4847 .
514 4826 1498 4963 ἋβὼΨΨΜἎῦΜωώὼω
