3348 5584
429 362 524 431 PER
552 364 710 433 ANNUS
732 363 949 433 DIGESTA.

1290 364 1349 429 127

1263 584 1333 633 Anni

1270 655 1331 708 Cle.
1452 703 1454 707 .

249 843 385 998 pfmtm
402 837 456 905 die
480 858 568 907 nave
579 840 1063 998 f⁰¹f⁸⁰⁰¹¹⁸¹¹ffi¹¹n⁸fffi⁰⁰m⁸
1083 836 1237 998 alilillieiu-¹

249 953 267 999 c
461 952 500 998 ro
533 953 576 998 on
594 953 641 998 orr
1136 950 1146 996 r
1205 950 1226 995 n

249 952 532 1114 quddassmlidmdn
541 952 789 1094 vreuierldffisaffid¹
801 933 1124 1111 unhrdgadabtffuffuae
1145 949 1237 1110 ἔξω

250 1122 507 1204 lacctantius,
528 1131 566 1186 ut
591 1122 762 1189 Antonius
789 1121 924 1189 cederet
953 1126 989 1187 et
1011 1114 1167 1189 Caesaris
1183 1122 1238 1184 in-

249 1216 449 1283 terfectores
470 1215 608 1297 Romam
629 1214 794 1302 redirent,
823 1212 1017 1282 Ciceronem
1039 1234 1123 1281 vero
1146 1212 1238 1278 desi-

249 1309 359 1376 derari
391 1314 443 1393 ei,
475 1307 676 1396 quoderbc
701 1310 852 1393 abesset⁷
891 1312 1042 1377 accanri
1065 1308 1238 1389 dixissent,

249 1404 466 1490 profectionis
495 1404 633 1471 consilio
677 1404 808 1473 abiecto
842 1403 982 1469 Romam
1014 1405 1174 1488 properat
1206 1403 1240 1465 et

249 1496 333 1582 prid.
357 1496 434 1563 Kal.
461 1492 557 1582 Sept.
582 1499 617 1563 in
652 1494 777 1563 Urbem
809 1500 912 1565 venit.
952 1497 1126 1569 Antonius
1160 1494 1239 1561 Kal.

248 1586 345 1676 Sept.
373 1595 524 1656 senatum
550 1591 665 1658 babuit
699 1590 741 1656 de
770 1590 1070 1676 supplicationibus
1101 1587 1238 1656 Caesari

249 1683 481 1773 decernendis
523 1681 640 1752 Cicero
659 1688 693 1749 iu
706 1688 857 1751 nuatum
875 1704 942 1750 non
960 1686 1072 1769 venit,
1093 1682 1239 1748 tortasse

248 1784 398 1846 meluens
420 1770 464 1845 sb
480 1779 631 1847 Antonio
646 1780 801 1868 insidias,
822 1780 910 1845 misit
930 1782 1042 1859 lamen
1058 1776 1102 1845 ad
1123 1776 1240 1843 Anio-

250 1875 353 1957 nium,
375 1874 431 1959 qui
457 1875 488 1938 ei
513 1872 640 1941 diceret
657 1894 695 1940 se
719 1894 762 1939 ex
780 1876 837 1941 via
855 1875 1028 1963 languere.
1068 1871 1239 1937 Anwnlus

249 1969 284 2033 iu
304 1970 424 2033 senatu
440 1966 542 2051 dixit,
562 1970 626 2032 nisi
644 1970 792 2057 veniret,
825 1968 941 2033 fabros
954 1986 993 2033 se
1009 1969 1182 2033 missuum
1205 1969 1239 2031 et

250 2059 378 2125 domum
405 2062 477 2126 eius
501 2059 769 2128 ‹bsiwbalurun
811 2059 980 2128 Postridie
1001 2059 1152 2127 Antonio
1175 2059 1240 2124 ab·

249 2158 345 2221 sente
360 2150 479 2221 Cicero
492 2155 527 2219 in
547 2158 699 2221 senatum
714 2158 825 2241 venit,
846 2154 1026 2239 habuitque
1044 2155 1240 2238 orationem,

251 2266 335 2335 quae
371 2246 493 2313 dieitur
521 2245 723 2335 Philippica
746 2256 872 2336 prima
918 2246 969 2315 0b
1000 2266 1096 2333 quam
1123 2246 1240 2313 Anio-

250 2344 325 2407 nius
347 2343 398 2408 ira
435 2343 592 2409 incensus
617 2343 804 2407 iuimicitias
832 2345 863 2407 ei
892 2340 1065 2409 demutilat
1103 2357 1240 2424 ermque

250 2454 281 2502 a.
302 2435 334 2501 d.
349 2433 448 2503 Xlll.
466 2435 543 2502 Kal.
567 2434 642 2503 Oct.
662 2438 697 2500 in
724 2439 846 2501 senatu
870 2434 990 2502 adesse
1015 2436 1118 2503 labet.
1160 2435 1240 2519 lpse

252 2533 381 2597 interea
396 2549 457 2615 per
467 2529 581 2617 ‚xvii
606 2530 678 2596 dies
694 2532 730 2595 iu
744 2529 918 2597 Tiburtino
940 2524 1110 2613 Scipionis
1123 2527 1241 2594 decla-

251 2626 370 2691 mitans
395 2622 574 2691 meditatos
599 2628 652 2690 est
680 2626 883 2711 orationem,
913 2619 1133 2708 quam‘Xlil.
1164 2619 1241 2686 Kal.

252 2715 328 2787 (iet.
349 2720 383 2782 io
407 2717 493 2785 aede
520 2714 728 2787 Concordiae
758 2720 878 2786 eontra
900 2715 1093 2784 Ciceronem
1116 2714 1240 2781 habult.

252 2808 369 2880 Cicero
387 2814 422 2876 in
440 2814 560 2879 senatu
571 2832 640 2881 non
660 2813 764 2892 alluit,
786 2815 874 2878 metu
892 2809 1083 2877 bsidbruu
1098 2811 1141 2877 ab
1157 2809 1241 2874 aml-

251 2908 300 2974 eis
336 2905 532 2992 prohibitus.
587 2905 730 2977 Antonii
751 2924 854 2972 ·vero
897 2905 1042 2973 orationi
1084 2904 1241 2989 opposuit

251 2997 488 3088 Panopeos
510 3002 714 3090 sesnandum,
748 3020 815 3065 uon
838 2999 983 3067 babilam
1004 2996 1151 3085 quddam,
1180 2994 1240 3062 sed

251 3097 298 3160 lta
323 3096 563 3179 conscriptam,
585 3096 679 3179 quasi
695 3112 767 3163 eam
782 3093 880 3165 xiil.
893 3093 971 3163 Kal.
985 3089 1061 3163 irat.
1082 3093 1117 3159 iu
1138 3109 1241 3181 prae-

251 3191 380 3253 sentem
398 3186 582 3253 Antoninon
598 3185 778 3255 tabuisset.
806 3185 974 3255 Extremis
992 3184 1150 3255 Octobris
1166 3184 1241 3251 die-

254 3284 315 3347 bus
346 3285 381 3346 et
404 3298 517 3346 mense
541 3281 723 3349 Novembri
753 3280 872 3349 Cicero
901 3281 1120 3348 Puteolanum
1146 3299 1239 3345 suurn

253 3370 449 3460 ceterasque
464 3375 564 3441 villas
582 3375 652 3441 obit
677 3376 847 3460 librosque
878 3377 921 3442 dc
945 3370 1081 3461 Officiis
1102 3358 1240 3460 pe'riielt.

253 3470 389 3535 laterior
407 3468 577 3537 Antonius
595 3469 673 3537 vll.
688 3469 740 3537 ni
767 3468 842 3537 bot.
860 3470 990 3537 obviam
1010 3470 1073 3535 ivit
1094 3468 1240 3558 legioni-

253 3564 315 3629 bus
334 3565 491 3647 quattuor
514 3581 534 3628 e
559 3562 763 3629 Macedonis
788 3564 1004 3630 redeuntibus
1032 3581 1155 3649 ωορκ
1178 3563 1240 3629 sibi

252 3657 431 3723 conciliare
448 3654 585 3723 studuit.
627 3656 838 3727 Brundiduru
864 3660 958 3724 venit
984 3657 1062 3726 vll.
1088 3657 1138 3725 ld.
1166 3656 1241 3726 aot.

254 3748 418 3818 Octauius
439 3745 566 3831 auten,
594 3751 689 3839 sivo,
719 3753 756 3816 ut
772 3747 930 3820 coenus
946 3751 1134 3819 hereditate
1149 3752 1241 3817 adita

253 3844 505 3928 damnabatur,
529 3839 665 3911 Caesar
687 3840 918 3935 Octaviolca,
947 3851 1129 3913 veteranos
1150 3842 1241 3912 Cae-

253 3941 342 4005 saris
365 3939 508 4022 excivit,
543 3938 718 4023 nullisque
749 3939 825 4003 aliis
854 3938 1092 4006 accedentibus
1120 3942 1239 4005 iustum

254 4033 436 4100 exereitum
463 4033 640 4099 contraxit
693 4030 810 4098 Paullo
835 4036 914 4118 post
938 4035 1090 4124 legiones
1113 4033 1241 4100 Martia

253 4130 289 4194 et
305 4124 434 4209 Quarta
454 4125 637 4191 Antonium
659 4127 865 4211 reliquerunt
889 4131 923 4193 et
945 4126 990 4197 ad
1019 4127 1239 4198 Octavianum

254 4222 467 4289 transierunt.
513 4217 587 4301 Quo
611 4222 728 4285 nando
752 4221 856 4287 allato
880 4223 1052 4303 Antonius
1081 4240 1155 4292 eam
1182 4238 1241 4286 se-

254 4320 366 4380 natum
392 4316 428 4378 in
452 4307 650 4398 Capitolium
675 4332 705 4381 a.
726 4313 759 4380 d.
779 4314 838 4381 Ν.
866 4315 943 4383 Kal.
967 4317 1049 4383 liea
1072 4318 1241 4402 vocasset,

254 4408 354 4476 valde
372 4408 548 4494 perculsus
571 4408 747 4475 confestim
771 4412 923 4477 senatum
945 4410 1067 4476 siimisii
1088 4412 1123 4475 et
1142 4410 1241 4495 palu-

255 4503 353 4569 datus
375 4504 409 4566 in
439 4501 581 4569 Gelliam
603 4504 790 4571 citeriorem
811 4503 974 4573 discessit.
1002 4504 1084 4570 liae.
1115 4503 1242 4569 &utus

254 4602 362 4665 sulem
384 4596 527 4663 edictum
553 4599 744 4682 preposui,
777 4616 901 4683 quoae
929 4599 1135 4682 provinciam
1155 4597 1242 4664 Gal-

254 4693 329 4757 liam
348 4694 381 4755 iu
405 4687 442 4757 S.
459 4688 498 4755 P.
515 4688 554 4770 Q.
569 4688 615 4755 li.
633 4694 803 4775 potestate
826 4695 1031 4758 retenturum
1055 4691 1241 4775 polliceba·
1363 4738 1376 4761 .

257 4789 318 4851 tur.
359 4780 479 4852 Cicero
500 4783 542 4850 V.
561 4783 611 4849 ld.
631 4785 714 4851 Dee.
734 4783 778 4855 ad
799 4782 922 4853 Urbem
937 4782 1051 4868 rediit,
1072 4804 1147 4854 euru
1161 4786 1241 4852 novi

256 4879 379 4949 tribuni
397 4877 496 4944 iilia
512 4875 590 4945 Kal.
614 4878 686 4945 lara
707 4881 857 4945 wantum
880 4881 1140 4967 warmunt,
1169 4880 1242 4967 ipse
