3332 5588
520 409 583 475 DE
605 408 650 477 D.
670 406 907 476 LAMBINO.
1321 407 1381 470 181

50 555 113 617 boc
138 550 194 616 ille
221 548 363 636 plagium
389 550 525 616 Murato
553 554 791 636 exprobrabat,
822 550 875 614 hic
899 570 941 616 eo
963 549 1039 617 vivo
1062 554 1163 636 (quod
1186 552 1379 623 Niceronius

49 645 199 729 opponit)
219 645 371 721 tacuerit,
403 656 435 708 et
455 645 559 710 solutu
581 657 741 710 mortuum
764 642 918 709 mendacii
938 655 971 706 et
990 642 1187 727 imposturae
1209 652 1379 722 accusarit.

50 740 160 811 Noluit
188 739 309 803 scilicet
337 739 388 802 vir
414 742 539 822 probus
568 753 600 804 et
626 738 710 802 mitis
738 738 825 803 litem
854 736 896 801 de'
923 757 965 802 eo
993 737 1173 818 intendere,
1204 749 1293 828 qrrod
1314 769 1377 810 non

49 830 126 895 tanti
149 853 218 897 esse
240 833 393 908 ducebam
421 833 609 915 pracsertim
632 856 702 897 cum
725 854 809 898 auno
834 834 945 909 1561„
973 855 1038 917 quo
1067 846 1139 898 stant
1159 834 1231 900 illae
1253 839 1378 904 litterae

49 924 131 1009 typis
146 925 263 1001 editae,
282 925 467 991 cardinalis
484 930 669 993 'l'urnonius
685 926 827 1005 viveret,
853 926 908 1012 qui
928 927 960 990 in
979 927 1158 991 clientelam
1176 952 1264 996 snam
1280 937 1379 998 Lam-

48 1020 156 1083 binum
177 1018 361 1101 iampridem
383 1032 569 1104 acceperat3
599 1024 752 1086 Muretus
773 1043 854 1085 vero
877 1020 1080 1086 Cardinalem
1101 1022 1188 1087 illum
1211 1028 1316 1095 multis
1338 1032 1379 1094 ab

49 1133 90 1177 eo
111 1113 272 1176 beneficiis
294 1115 433 1196 acceptis
455 1115 592 1180 maxime
614 1118 816 1181 observaret.
861 1116 1005 1180 Mortuis
1029 1126 1131 1179 autem
1153 1110 1328 1186 Turnonie
1347 1136 1381 1189 et

47 1206 225 1282 Lambino,
255 1228 328 1270 cnm
355 1229 391 1272 se
419 1211 550 1274 occasio
580 1212 715 1275 offerret
741 1207 853 1273 edendi
879 1208 1002 1273 litteras
1025 1231 1114 1285 saraae
1144 1212 1307 1294 amplexus
1330 1230 1380 1281 est

49 1323 118 1367 eam
142 1301 312 1379 Muretus,
343 1314 380 1366 nt
408 1304 448 1367 dc
476 1306 537 1368 hac
563 1326 600 1369 re
626 1303 770 1368 breviter
792 1302 912 1388 aliquid
933 1302 1115 1380 Nicetium,
1150 1306 1205 1390 quii
1226 1307 1379 1391 epistolas

48 1418 122 1460 suas
142 1396 346 1479 postulabat,
370 1399 516 1462 doceret.
559 1399 675 1483 Itaque
695 1395 842 1481 scripsit,
867 1407 902 1459 ut
923 1395 1117 1461 Niceronins
1139 1398 1317 1478 existimat,
1341 1408 1379 1470 de

46 1488 209 1554 Lambino
223 1492 253 1552 ¹:
290 1488 382 1572 „Hoc
412 1486 691 1583 autem'aequr'ore
719 1495 825 1553 anemo
847 1509 968 1575 passus
999 1510 1069 1552 sum
1098 1502 1225 1553 exstare
1256 1494 1381 1585 aliquas

45 1582 200 1670 epistolas
220 1600 325 1664 meas,
353 1582 439 1673 quod
458 1583 612 1674 quaedam
637 1582 742 1647 multis
764 1586 829 1647 ram
855 1579 968 1644 abluite
986 1588 1079 1646 annes
1100 1582 1203 1671 edluee
1221 1602 1295 1650 sunt
1311 1613 1377 1676 pro

47 1682 141 1757 mers,
165 1674 206 1739 de
225 1673 334 1767 pullus
354 1675 526 1741 scribendis
543 1700 603 1765 ego
624 1700 664 1740 ne
680 1699 746 1764 per
761 1679 916 1741 somnium
958 1674 1062 1741 uidem
1081 1699 1216 1770 wtqunm
1234 1689 1379 1769 cogitavi.

50 1768 259 1856 Corfinaerat
282 1791 338 1832 eas
365 1776 393 1833 is
422 1778 509 1862 ipse,
542 1776 598 1865 qui
620 1784 778 1860 tamquam
797 1792 819 1831 a
837 1698 1137 1837 acclamasses
1155 1771 1379 1863 divulgaverat,

47 1862 140 1927 lamo
165 1862 305 1926 erudias
322 1862 377 1927 ille
399 1864 542 1954 quidem,
570 1863 631 1927 sed
647 1860 824 1950 improbus,
853 1875 886 1925 et
907 1875 1021 1927 natura
1039 1864 1175 1928 nocendi
1190 1862 1382 1957 ac'malefia-

45 1957 153 2021 ciendi
171 1956 320 2044 cupidus,
344 1979 414 2041 cuna
431 1957 574 2046 plrrrr'rna
602 1971 636 2021 et
660 1961 803 2023 manime
826 1957 953 2043 offlam
982 1955 1091 2051 quibem
1116 1982 1138 2022 a
1167 1983 1217 2029 me
1244 1962 1382 2049 asfhcms

45 2064 132 2133 emt,
156 2057 290 2114 summes
314 2056 436 2115 inebries
460 2074 666 2143 compensare
690 2050 789 2118 vellet.
834 2052 908 2138 Qua
931 2048 972 2113 de
996 2072 1031 2114 re
1059 2050 1135 2115 olim
1158 2076 1180 2116 a
1201 2077 1252 2119 me
1276 2066 1384 2144 graei-

46 2157 95 2211 ter
120 2143 321 2234 obiurgante,
352 2144 458 2209 mulm
484 2167 554 2209 cum
579 2145 718 2211 lacrimis
740 2166 763 2208 a
789 2167 839 2208 me
867 2149 987 2211 veniam
1006 2150 1118 2232 penit,
1149 2146 1260 2239 laqueo
1273 2138 1384 2238 “elegum
1434 2174 1443 2187 ¹

44 2244 241 2305 communesne
265 2261 301 2301 sc
312 2237 454 2327 fassus,
474 2260 545 2313 cum
572 2245 606 2302 ei
624 2241 764 2304 sermoni
786 2235 970 2305 Hadrianus
997 2235 1158 2302 Turnebus
1183 2255 1216 2305 et
1240 2238 1379 2310 Ioanrres

43 2336 191 2401 Aurunca
201 2345 389 2420 praesentes
409 2327 625 2399 interessent!⁹
657 2332 778 2398 Acrius
791 2352 868 2397 sane
883 2353 920 2396 ac
935 2334 1170 2413 vehementius,
1195 2360 1289 2421 quiam
1305 2344 1383 2419 Mn-
1453 2398 1456 2406 .

39 2442 143 2505 retum
172 2430 328 2506 decebat,
361 2425 394 2491 in
421 2427 613 2491 Lambinum
641 2426 785 2491 invectus
812 2437 879 2504 est,
912 2424 941 2491 si
968 2429 1008 2492 de
1036 2428 1197 2495 Lambino
1226 2433 1382 2520 loquitur.

13 2596 17 2611 ι
42 2525 106 2590 Sed
136 2527 181 2590 ad
204 2522 284 2586 iacti
304 2521 472 2586 veritatem
495 2523 583 2604 qnod
602 2521 762 2604 pertinet,
796 2531 908 2585 testem
929 2518 999 2604 ipse
1020 2522 1173 2605 producit
1194 2546 1260 2591 non
1282 2533 1380 2597 modo

42 2620 258 2692 Turnebum,
282 2615 337 2699 qrri
357 2615 419 2680 iam
441 2612 582 2693 obierat,
606 2618 664 2680 sed
684 2615 739 2681 Io.
761 2616 940 2692 Arrraturn,
965 2613 1019 2698 qui
1037 2628 1113 2679 tunc
1129 2615 1274 2697 vivebat3
1297 2647 1381 2709 qrros

42 2714 170 2798 quidem
193 2709 375 2775 Lambinus
396 2709 490 2793 ipse2
510 2713 615 2782 ,viros
635 2706 756 2789 metus,
778 2704 842 2770 sibi
863 2718 954 2770 nonos
978 2728 1018 2769 ac
1025 2705 1213 2792 formidares
1218 2759 1230 2795 ,
1255 2711 1382 2782 Galliae

39 2815 135 2894 utque
161 2800 249 2865 adeo
275 2806 368 2865 tanin
391 2800 544 2889 Europae
563 2805 745 2889 prinelpes,
775 2799 918 2893 collegas
944 2796 1049 2863 suos”
1080 2804 1233 2888 appellat.
1284 2811 1384 2892 Quod

40 2911 145 2963 autem
160 2898 326 2963 Auratum
347 2916 477 2981 quoque
499 2908 610 2962 testem
626 2895 820 2962 Niceronius
840 2894 1045 2979 reiiciendum
1068 2909 1175 2982 pretet,
1200 2906 1289 2987 quod
1304 2907 1384 2973 Mu:

38 3004 144 3058 retum
179 2988 307 3075 patriae
330 2990 573 3057 'necessitudine
605 3003 638 3057 et
669 2991 861 3077 cognatione
889 2989 995 3076 aliqua
1024 2990 1215 3077 configerit,
1248 2995 1282 3059 id
1310 3019 1382 3067 eum
1427 3032 1430 3049 ι

36 3085 153 3152 iniuria
168 3085 303 3161 Iacere,
326 3086 464 3149 veritum
477 3086 616 3162 scilicet,
641 3106 680 3149 ne
694 3105 790 3151 cansa
802 3083 978 3149 Lambinus
994 3102 1069 3147 suna
1086 3087 1196 3162 cadat,
1219 3074 1382 3159 existimo:

122 3182 200 3247 Nec
241 3199 322 3243 vero
356 3177 384 3241 is
418 3190 487 3241 erat
514 3181 688 3258 Muretus,
722 3190 758 3243 ut
786 3180 827 3243 ad
853 3177 1160 3242 commendationem
1193 3182 1300 3264 operis
1333 3187 1383 3250 sui

34 3275 185 3360 pauculis
207 3272 294 3349 illis,
318 3291 400 3357 quae
421 3271 597 3336 Lambinus
617 3272 835 3351 nominavit⁸,
859 3272 1131 3338 emendationibus
1152 3273 1221 3339 sive
1243 3276 1384 3345 animad.
1491 3316 1497 3339 .

36 3368 253 3436 versionibus
274 3365 448 3449 indigeret.
493 3363 621 3430 Contra
642 3388 742 3442 vero,
777 3387 812 3431 se
833 3366 985 3433 nonnulla
1005 3366 1262 3434 subministrasse
1283 3374 1384 3438 Lam-

31 3464 113 3530 bino
136 3461 313 3547 professus
334 3469 446 3543 aperte
458 3458 607 3536 terrast,
630 3459 710 3524 ntai
724 3480 767 3523 ex
780 3460 962 3527 hominibus
984 3481 1079 3525 causa
1101 3461 1306 3530 existimanda
1328 3470 1381 3546 sit,

33 3558 173 3624 dubium
198 3573 273 3620 esse
295 3573 359 3617 non
376 3551 498 3635 possit,
523 3574 591 3618 eam
608 3555 816 3621 obtenturum
830 3555 1011 3619 Muretnm.
1044 3554 1126 3631 S‘ed,
1150 3569 1183 3618 nt
1197 3559 1281 3633 dixi,
1305 3562 1384 3627 uolo

31 3653 112 3720 bnic
142 3672 198 3716 me
227 3646 427 3712 dirimendae
451 3667 565 3711 causae
592 3645 786 3725 admiscere,
813 3647 1004 3730 pra'esertim
1029 3669 1102 3711 cnm
1123 3646 1191 3712 sine
1219 3651 1385 3739 utriusque

30 3748 131 3831 eulpa
154 3741 238 3808 lieri
258 3739 293 3805 id
313 3740 407 3805 facile
426 3741 589 3823 potnerit,
613 3752 648 3804 ut
671 3738 826 3806 alteruter
846 3762 903 3806 sua
918 3743 1065 3806 crederet
1079 3752 1112 3804 et
1125 3744 1276 3826 propria,
1302 3770 1385 3832 quae

30 3839 65 3904 in
88 3849 240 3904 mentem
255 3834 355 3923 alteri
377 3834 471 3899 etiam
494 3834 548 3900 vel
568 3855 626 3898 sna
646 3845 779 3918 sponte,
803 3834 857 3899 vel
878 3834 1041 3901 admonito
1064 3835 1141 3898 olim
1164 3839 1204 3898 ab
1221 3838 1304 3917 alio,
1327 3847 1387 3907 sed

28 3953 146 4001 earum
170 3950 290 3996 rerum
310 3928 417 3994 oblito
437 3940 572 4012 postea,
595 3940 762 3994 venerant.
801 3927 885 3992 illud
905 3929 1025 4003 solnm,
1049 3938 1084 3991 nt
1105 3927 1188 4007 dixi,
1212 3929 1385 4000 inhaere

29 4029 174 4094 moleste
204 4024 305 4100 sero,
336 4024 417 4088 adeo
445 4034 559 4089 eontra
579 4021 772 4086 Lambinum
794 4020 951 4110 enarsisse
973 4021 1161 4098 Muretnm,
1188 4035 1222 4087 nt
1243 4023 1275 4087 in
1296 4026 1384 4093 libro

26 4141 90 4187 suo
118 4118 308 4184 Variacum
329 4115 509 4180 Lecnomcm
532 4118 625 4182 locos
646 4116 718 4181 illos
741 4130 869 4193 omnes,
903 4115 935 4179 in
964 4114 1079 4201 quibus
1101 4137 1173 4181 cum
1195 4117 1287 4183 laude
1310 4143 1382 4187 erim

27 4217 287 4300 appellaverat,
326 4211 449 4277 calamo
484 4207 642 4277 deleverit
673 4209 752 4292 (etsi
778 4221 908 4293 postea,
945 4231 1017 4273 cnm
1050 4230 1163 4276 rursus
1192 4215 1382 4294 ederentur,

26 4308 192 4391 rennuit)
225 4317 264 4370 et
290 4304 323 4369 in
351 4304 504 4370 adiunctis
525 4305 634 4382 libris,
665 4326 760 4392 quem
785 4304 862 4369 satis
889 4303 1065 4369 liberaliter
1090 4310 1383 4390 commendaverat,

26 4394 154 4470 acriter
187 4398 469 4488 perstrinxerat:
507 4398 583 4464 lieet
605 4400 803 4477 Lambinus,
837 4419 910 4463 cum
937 4397 1124 4464 Lucretiam
1161 4403 1272 4466 ederet
1300 4423 1384 4468 anno

26 4516 1386 4552 ——d—————-———-———--.

63 4597 99 4675 1)
136 4596 194 4650 Eat
227 4591 305 4647 hare
332 4597 423 4664 prim
451 4594 566 4668 epistola
596 4599 627 4650 In
655 4593 778 4649 editions
796 4594 902 4649 Mureti
933 4596 1114 4668 epistolarum
1142 4598 1289 4652 Peristenst
1319 4606 1388 4656 anni
1444 4616 1447 4621 '

24 4673 115 4735 1580.
143 4678 178 4726 In
207 4670 382 4723 Comiciana
407 4667 456 4723 lib.
480 4673 509 4724 2.
536 4673 564 4726 1.
593 4698 630 4714 -·
654 4665 686 4742 2)
712 4669 747 4722 ln
769 4671 857 4744 Epist.
882 4668 918 4724 ad
938 4673 1049 4726 Lucret.
1076 4698 1115 4714 -
1140 4676 1171 4739 5)
1197 4672 1269 4726 Sunt
1293 4672 1343 4728 lib.
1361 4675 1385 4731 I.

22 4766 84 4804 aar.
111 4750 199 4803 Lacr.
230 4750 263 4806 8.
298 4743 337 4797 II.
363 4746 409 4800 12.
439 4743 495 4800 111.
522 4747 550 4802 8.
575 4748 604 4804 9.
635 4744 683 4798 tv.
712 4746 762 4803 15.
793 4773 825 4787 -
860 4743 893 4812 la)
918 4746 979 4801 Lib.
1005 4746 1055 4802 VI.
1082 4765 1142 4801 var.
1166 4751 1241 4801 Lacr.
1268 4764 1329 4820 cap.
1357 4756 1385 4809 8.

22 4826 109 4881 Hanc
137 4823 361 4878 correctionem
386 4833 402 4870 a
427 4837 473 4873 me
497 4835 639 4894 acceptam
665 4821 816 4893 Dionysius
843 4818 991 4879 Lambinus
1018 4827 1070 4880 uir¹
1087 4824 1246 4880 acutissimo
1271 4827 1386 4894 ingenio

22 4905 234 4969 acerrimoque
272 4890 380 4948 Iudicio
414 4893 556 4969 praeditas
588 4894 697 4950 rettulit
730 4899 761 4949 ln
791 4895 904 4953 Scholia
936 4901 966 4951 tn
998 4914 1046 4951 eos
1077 4897 1168 4953 ltbroa
1198 4914 1258 4953 aaa.
1303 4897 1385 4956 Conl.

24 4975 90 5034 tat».
110 4974 200 5030 vm.
225 4971 278 5029 15.
306 4994 344 5011 ··
370 4971 400 5038 5)
426 4969 500 5028 Ver.
516 4970 581 5028 lect.
609 4969 659 5027 nt.
679 4970 786 5027 xvnt.
812 4987 872 5047 cap.
894 4975 921 5032 7.
959 4974 998 5028 At
1015 4971 1167 5029 Lambinus
1192 4988 1277 5045 quam
1299 4976 1388 5037 multa

98 5083 245 5132 onomast.
273 5074 330 5123 cu.
350 5077 371 5125 ι.
1008 5057 1048 5122 st
