3322 5578
542 358 783 426 HISTORIA.
1281 361 1322 425 bb

56 512 148 589 guent:
173 499 339 583 iisdemque
371 497 585 563 referentibus
607 502 647 565 P.
670 466 826 563 beatulus
853 519 922 563 cos.
946 498 1128 583 designatus
1157 512 1325 581 praestan·

54 596 155 659 ιίιιὶιιιω
175 595 211 656 de
231 592 388 658 Cicerone
408 595 595 659 seutentiam
619 594 716 668 dixit3
749 615 810 677 pro
833 593 938 656 Sestio
961 613 1032 675 cap.
1057 594 1129 670 32,
1153 607 1226 675 post
1247 597 1320 658 red.

53 690 168 753 irunata
193 708 259 770 pap.
280 688 312 749 l.
341 699 373 750 et
400 686 494 768 epist.
519 689 572 753 23.
601 689 658 753 lib.
683 688 749 750 ΙΙΙ.
781 690 819 751 ad
843 689 914 752 Att.
944 687 1173 750 Thessalonica
1201 687 1320 752 Cicero

50 805 71 845 se
84 782 286 860 Dyrrhachium
302 781 454 856 'recepita
470 781 579 866 ibique
601 780 665 845 VI.
683 780 759 845 Kal.
774 780 972 843 Decembres
994 780 1121 861 scripsit
1145 784 1184 843 ad
1199 783 1322 843 Tereu-

48 876 96 937 tian
111 874 189 957 epist.
212 879 240 939 l.
265 875 322 938 lib.
344 876 445 940 XIV.
469 877 508 938 ad
530 873 645 939 Famil.
666 886 698 936 et
718 886 840 954 partem
864 872 1017 955 epistolae
1040 873 1093 935 23.
1117 872 1173 937 lib.
1189 874 1255 937 Ill.
1280 874 1321 935 ad

46 968 116 1031 suu
141 968 238 1032 Pridie
254 969 328 1034 Kal.
344 970 519 1035 Decembr.
537 969 610 1032 inde
625 966 707 1030 misit
723 969 763 1029 ad
778 968 959 1031 Terentiam
981 966 1075 1049 epist.
1093 967 1124 1031 3.
1146 966 1202 1029 lib.
1218 966 1318 1031 XIV.

47 1061 241 1124 uadlttticum
264 1064 356 1146 epist.
373 1064 427 1127 22.
449 1063 524 1127 libr.
542 1063 607 1129 III.
631 1074 663 1125 et
684 1062 831 1142 deinceps
854 1073 1005 1144 quattuor
1023 1059 1161 1143 reliquas
1180 1060 1319 1123 eiusdem

46 1154 103 1215 libri.
136 1154 283 1219 Exierunt
305 1157 415 1219 deinde
437 1156 578 1237 paludati
600 1156 630 1219 io
653 1155 834 1239 provincias
857 1155 1022 1230 consules,
1051 1153 1130 1217 Piso
1153 1155 1184 1215 in
1209 1154 1321 1215 Mace
1364 1168 1369 1176 ‘

19 1300 21 1305 ,
45 1246 147 1321 donau,
168 1248 316 1313 Gabinius
337 1250 368 1313 iu
385 1251 528 1329 Syriarn3
552 1248 669 1325 Cicero
693 1272 752 1334 pro
774 1248 880 1312 Sestio
903 1269 973 1330 cap.
991 1248 1044 1311 33.
1077 1244 1143 1313 IV.
1162 1247 1237 1309 Idus
1253 1250 1321 1312 De·

44 1343 129 1403 ceobr.
153 1341 224 1407 novi
251 1343 369 1407 tribuni
389 1345 478 1426 pleb.
509 1347 552 1408 T.
576 1344 700 1409 Annius
721 1344 825 1419 Milo,
857 1343 899 1407 P.
923 1341 1064 1417 Sestius,
1096 1340 1137 1406 C.
1163 1342 1317 1418 Sestilius,

45 1433 78 1495 il.
98 1432 224 1515 Cispius,
261 1439 304 1501 Τ.
331 1438 467 1513 Fadius,
503 1438 556 1503 M.
585 1437 735 1514 Curtius,
771 1435 813 1501 C.
842 1435 1032 1510 Mescinius,
1067 1435 1109 1515 Q.
1139 1433 1319 1512 Fabricius,

43 1531 94 1591 Ser.
112 1530 213 1593 Atilius
236 1532 393 1594 Serranus
424 1524 468 1594 et'
485 1532 528 1613 Q.
558 1532 730 1596 Numerius
758 1530 883 1594 Rufus¹
916 1528 1134 1613 magistratum
1164 1528 1318 1607 inierunt,

44 1641 84 1701 pro
99 1622 189 1687 Sestio
210 1645 281 1706 cap.
299 1625 353 1688 33.
377 1636 407 1688 ct
428 1637 505 1709 post
525 1626 660 1690 reditum
682 1626 713 1689 in
734 1638 846 1689 senatu
868 1647 941 1708 esp.
965 1627 998 1690 8.

19 1798 21 1839 i

170 1851 268 1913 Anno
291 1849 392 1914 Urbis
414 1852 603 1916 DGXCVI.
627 1850 801 1915 Ciceronis
820 1840 863 1915 L.
885 1872 974 1916 coss.
984 1849 1146 1943 suerunt

44 1987 73 2060 P.
91 1987 352 2071 CORNELIUS
378 1993 646 2071 LENTULUS
674 1992 954 2093 SPINTHER‚
982 1995 1028 2097 Q.
1054 1995 1319 2099 CAECILIUS

420 2106 688 2184 METELLUS
715 2107 893 2186 NEPOS.
1193 2120 1201 2143 ‘¹

19 2296 20 2307 .
97 2261 251 2328 Praetores
273 2266 385 2326 codem
409 2285 490 2328 anno
512 2265 643 2328 luerunt
666 2266 708 2327 L.
734 2262 913 2340 Caecilius,
940 2265 993 2328 M.
1014 2262 1179 2340 Calidius,
1204 2265 1246 2331 C.
1263 2268 1323 2331 Se·

43 2351 147 2431 plinius,
176 2358 215 2436 Q.
239 2359 412 2451 Valerius,
441 2362 483 2424 P.
510 2360 665 2436 Crassus,
699 2362 778 2422 Sex.
807 2357 998 2439 Quintilius,
1028 2357 1070 2423 C.
1098 2358 1263 2423 Cornutus
1292 2370 1324 2421 et

43 2446 102 2528 App.
112 2447 249 2515 Claudius
268 2453 429 2528 Pulcher;
454 2452 572 2518 Cicero
588 2464 661 2535 post
678 2452 813 2515 reditum
833 2451 862 2513 in
882 2462 993 2514 senatu
1011 2473 1084 2533 cap.
1099 2453 1130 2514 9.
1168 2449 1322 2520 Kalendis

42 2536 152 2606 Ianuariis
172 2546 211 2608 P.
232 2546 409 2622 Lentulus,
440 2547 571 2611 simulac
598 2550 636 2610 de
663 2546 807 2610 sollemni
835 2545 991 2629 religione
1022 2546 1209 2621 rettulerat,
1245 2543 1322 2606 nibil

19 2644 21 2659 ’
43 2630 197 2700 brumarum
211 2660 321 2702 rerum
337 2640 398 2707 sibi
417 2642 505 2724 prius
524 2664 619 2725 quam
640 2643 677 2704 cle
694 2639 855 2704 Cicerone
872 2642 1027 2724 agendum
1044 2639 1206 2705 iudicavit.
1242 2638 1325 2704 Cum

42 2725 145 2809 princeps
167 2746 300 2816 rogatus
325 2734 511 2799 sententiam
538 2738 581 2798 L.
609 2733 707 2799 Cotta
734 2735 829 2811 dixit,
865 2732 942 2798 nihil
969 2737 1007 2797 de
1032 2732 1193 2799 Cicerone
1220 2747 1325 2797 actum

42 2819 159 2899 nuiure,
177 2826 251 2889 nibil
271 2848 360 2891 more
379 2829 547 2906 maiorum,
570 2829 646 2893 nihil
668 2829 805 2914 legibus,
827 2842 1066 2915 proptereaque
1084 2831 1156 2915 lege
1176 2828 1221 2892 illi
1241 2822 1323 2909 opus

42 2932 81 2973 ter
97 2936 167 2993 esse,
194 2942 305 3001 rerum
332 2924 506 3006 Pompeius
531 2924 668 2999 censuit,
699 2935 733 2988 ut
758 2927 798 2988 ad
819 2937 945 2991 senatus
968 2926 1186 2991 auctoritatem
1211 2921 1325 3005 populi

42 3003 181 3074 beneficium
208 3014 449 3099 adiungeretur.
492 3020 601 3103 Atque
628 3040 668 3082 eo
694 3020 744 3083 die
772 3019 919 3083 conlecta
946 3039 999 3081 res
1024 3028 1128 3093 essct,
1157 3017 1218 3080 nisi
1242 3016 1323 3079 Sex.
1333 3098 1347 3107 ..

42 3098 124 3166 tutus
135 3106 273 3174 tribunus
289 3110 397 3192 pleb.,
421 3134 486 3177 non
507 3135 602 3177 ausus
618 3113 832 3187 intercedere,
857 3122 983 3177 noctem
1006 3112 1068 3176 sibi
1086 3114 1126 3175 ad
1148 3113 1326 3174 deliberan-

42 3192 88 3255 ltu
100 3203 292 3278 postulasset.
326 3206 415 3269 Haec
436 3206 554 3272 Cicero
577 3221 651 3289 post
670 3208 764 3275 redit.
784 3211 824 3270 ad
836 3206 978 3286 Quirites
995 3230 1067 3289 cap.
1082 3208 1129 3282 5,
1150 3227 1212 3288 pro
1228 3208 1325 3270 dome

42 3304 88 3366 ⁸21)-
102 3290 156 3369 2⁶,
177 3317 236 3378 pro
254 3298 361 3363 Sestio
384 3322 456 3382 cap.
475 3302 545 3380 dt„
568 3303 626 3365 lib.
645 3302 711 3368 ΙΙΙ.
735 3304 773 3364 de
796 3301 921 3385 legibus
944 3301 1087 3383 cap.19.
1132 3300 1252 3363 Postea
1273 3318 1327 3361 res

41 3391 85 3443 ²t12
100 3396 138 3448 tsl
157 3387 185 3451 io
206 3404 318 3456 senatu
341 3395 399 3457 alia
423 3396 525 3471 nulln3
549 3408 673 3460 etcum
696 3397 791 3460 variis
814 3394 993 3460 rationibus
1016 3393 1239 3475 impediretur,
1265 3412 1325 3454 vo·

41 3469 121 3577 butue
140 3492 238 3548 tamen
268 3500 439 3570 perspecta
468 3502 595 3554 senatus
623 3511 719 3553 caussa
745 3493 784 3552 ad
808 3488 963 3570 populum
991 3487 1094 3551 VIII.
1119 3486 1195 3550 Kal.
1219 3486 1324 3548 Febr.

42 3563 189 3671 letdebu:
211 3600 279 3665 quo
297 3582 346 3644 die
367 3582 535 3660 Clodiani,
561 3586 657 3647 caede
679 3583 710 3646 iu
729 3583 805 3647 loro
824 3581 956 3645 maxima
973 3582 1076 3658 lacta,
1098 3579 1226 3643 flumine
1249 3600 1324 3641 san·

41 3662 111 3737 guni,
130 3670 256 3737 reditum
282 3673 449 3742 Ciceronis
476 3677 746 3742 intercludendum
776 3684 986 3759 putaverunt;
1017 3684 1092 3756 post
1119 3673 1255 3751 reditum
1286 3671 1327 3751 ad

43 3752 142 3832 Quirites
155 3787 223 3848 cap.
236 3768 266 3833 5.
283 3779 314 3830 et
330 3790 391 3850 pro
406 3770 509 3839 Sestio
527 3793 599 3854 cap.
614 3771 667 3836 35.
691 3768 825 3834 Clodius
841 3768 935 3844 enim,
953 3780 988 3832 ut
1001 3767 1067 3833 Dio
1083 3767 1139 3831 lib.
1152 3764 1324 3840 XXXIX,

42 3854 95 3915 bl·
110 3860 227 3936 scribit,
257 3861 410 3940 illodie,
439 3887 510 3931 essm
532 3866 584 3928 lex
608 3867 647 3927 ad
669 3864 821 3947 populum
843 3864 1001 3942 ferretur,
1025 3860 1162 3944 acceptis
1185 3882 1201 3922 a
1223 3858 1325 3922 fratre

42 3942 116 4025 tlpplo
139 3953 384 4037 gladiatoribus,
415 3980 497 4042 quos
519 3960 572 4025 ille
591 3957 623 4021 iu
649 3958 762 4021 sunere
786 3957 894 4020 Marci
919 3953 1095 4038 propinqui
1120 3952 1169 4017 sui
1194 3955 1325 4014 datuurus

21 4108 22 4115 ,
43 4052 98 4115 “Vs
116 4045 222 4130 inpetu
240 4049 273 4113 in
294 4051 520 4117 multitudinem
539 4054 645 4133 Iacto,
664 4051 781 4116 misltos
799 4052 978 4114 volneravit
998 4052 1179 4134 multosque
1196 4042 1324 4110 occidit.

44 4129 97 4197 Ttm
113 4136 140 4202 in
158 4142 231 4209 loro
255 4144 377 4208 tribuni
399 4147 488 4229 pleb.
512 4134 838 4229 volnerati'luerunt,
870 4156 901 4208 et
924 4147 967 4225 Q.
989 4143 1107 4210 Cicero
1129 4142 1212 4204 inter
1230 4138 1325 4199 cada-

43 4240 92 4289 Μ
110 4242 254 4321 tamquam
279 4239 404 4302 occisus
427 4240 540 4316 iacuit3
573 4242 768 4305 Plutarchus
796 4262 827 4303 c.
850 4240 903 4304 33.
931 4251 962 4302 et
984 4235 1103 4304 Cicero
1126 4253 1189 4316 pro
1216 4228 1322 4295 Sestio

44 4332 88 4414 Pl·
98 4322 141 4389 35·
170 4328 413 4398 Crudelissimae
429 4335 535 4400 caedis
550 4357 590 4400 eo
605 4349 749 4418 tempore
765 4335 797 4403 in
811 4334 887 4397 loro
903 4333 1006 4399 iactae
1025 4327 1142 4393 mentio
1161 4338 1211 4388 est
1230 4326 1324 4391 etiam

45 4411 212 4489 Illstluniaua
230 4448 304 4508 cap.
315 4428 368 4491 dd.
398 4426 547 4494 Clodium
561 4430 647 4496 Mile
660 4442 725 4492 tum
737 4432 777 4493 de
789 4428 821 4492 vi
832 4426 1028 4511 postulavit:
1053 4420 1157 4486 sedin
1172 4419 1322 4485 iudicium
1360 4442 1365 4447 ·

47 4511 235 4609 penituisse
247 4520 313 4586 Dio
324 4512 447 4599 scribit,
463 4527 550 4608 quod
566 4527 704 4589 nondum
721 4523 819 4588 creati
834 4534 937 4586 essent
952 4530 1150 4605 quaestores,
1169 4537 1230 4598 per
1241 4537 1323 4599 quos

46 4598 138 4706 {Vsum
150 4613 346 4681 sortitionem
362 4608 434 4681 fieri
449 4629 629 4700 oporteret,
649 4620 827 4702 Neposque
841 4613 984 4699 praetori
999 4610 1161 4686 edixisset,
1182 4611 1322 4693 nequod

46 4688 148 4761 ”⁴¹¹⁸th
161 4716 249 4785 arte,
273 4726 367 4792 quam
382 4708 500 4775 iudices
515 4725 603 4777 sorte
618 4713 850 4797 deligerentur,
866 4707 936 4772 fieri
951 4716 1130 4789 pateretur,
1160 4703 1320 4782 Quaesto-

112 4811 321 4832 Ἣ

92 4905 154 4967 btn.
170 4916 297 4975 Fabricio
316 4935 377 4977 eras
394 4922 548 4975 Nummus
563 4921 705 4995 Quintius.
909 4931 913 4935 “

114 5016 335 5081 θιοιυιαῡιι.
606 5020 614 5045 ’
856 5079 862 5095 ,
1046 4998 1065 5063 5
