3332 5588
330 398 392 467 tat
855 400 894 464 P.
916 401 1132 467 bannitus

270 586 274 593 .
338 540 453 615 taos„
484 537 597 602 tibrum
622 537 667 602 ilii
689 537 773 614 IV„
803 539 945 622 praefixa
976 542 1129 624 epistola,
1163 565 1224 629 qua
1254 554 1286 605 et
1312 541 1485 631 amicissime
1503 548 1617 630 appellit,

338 649 369 700 et
390 634 547 701 hominem
580 653 724 707 ,summa
750 653 854 695 secum
878 634 1104 698 necessitudine
1124 641 1337 715 caniacum,
1362 642 1495 726 nutuque
1514 638 1619 717 ἅοοεςὺια

340 725 464 791 liberali
475 736 693 814 praestantem
704 723 723 748 ”
743 727 897 801 dilaudat,
921 728 1097 804 dedicavit3
1126 733 1242 794 addens
1264 731 1358 794 etiam
1380 731 1410 792 in
1431 753 1467 794 eo
1486 731 1547 815 ipso
1566 736 1620 798 mul·

338 835 404 887 tunt
426 822 472 886 illi
494 823 630 897 debere,
659 822 748 905 quod
769 833 800 884 et
821 821 972 904 princeps
995 826 1035 886 ad
1057 823 1133 887 iilud
1156 846 1236 906 opus
1259 824 1484 905 suscipiendum
1504 848 1535 890 ao
1552 831 1619 909 peti·

338 916 484 981 ciendum
505 912 651 979 stimulos
672 915 868 990 admoverit,
902 917 1031 1002 vulgata
1055 919 1197 981 Lucretii
1220 920 1364 1000 exetnpia
1387 941 1454 979 cum
1475 920 1619 1003 exemplari

336 1013 397 1075 bus
414 1008 550 1094 antiquis
567 1030 604 1072 ac
619 1010 705 1072 Mas.
722 1008 938 1072 conferentem
955 1011 1080 1075 assidue
1096 1012 1267 1087 adiuverit3
1288 1011 1439 1095 denique,
1460 1023 1524 1092 ,tu,
1541 1015 1620 1098 inquit,

335 1125 433 1190 saepe
455 1124 498 1165 ex
522 1098 660 1164 obscuris
688 1113 722 1165 et
739 1099 971 1188 propemodum
1000 1099 1183 1167 oblitteratis
1209 1108 1319 1167 ceteris
1338 1108 1502 1189 scripturae
1523 1112 1620 1192 vunai}

339 1184 443 1259 ceram
470 1192 632 1259 lectionem
657 1196 739 1285 (qrto
766 1200 911 1283 ingem'o,
945 1217 1065 1285 qnoque
1089 1202 1231 1259 acumine
1252 1218 1288 1257 es
1286 1198 1307 1279 )
1332 1200 1525 1283 sagacissime
1542 1197 1620 1259 odon·

339 1286 457 1353 tara.’'
499 1291 668 1354 Profectas
696 1292 794 1355 hasce
823 1291 933 1353 latides
962 1312 1002 1352 ex
1034 1304 1116 1353 metu
1146 1293 1303 1374 quodam,
1334 1293 1421 1375 quod
1442 1292 1549 1353 Mureti
1569 1291 1620 1354 itm

339 1393 525 1460 vereretur,
550 1394 660 1448 censet
675 1384 880 1467 Giphauitts.¹
926 1385 1001 1467 Ego
1024 1406 1095 1445 cum
1118 1383 1312 1468 Scaligero²
1335 1384 1436 1446 virtun
1459 1406 1521 1448 etim
1541 1389 1621 1448 butun

338 1488 438 1560 puto:
467 1499 677 1562 quamquam,
708 1482 796 1561 quod
819 1479 1012 1560 Giphanituu
1041 1478 1133 1541 etum
1160 1477 1261 1559 ipsum
1286 1477 1389 1541 virum
1412 1491 1493 1541 cette
1512 1481 1621 1542 doctua³
1645 1530 1646 1543 ,

340 1573 420 1635 adeo
440 1571 627 1649 offenderit,
657 1583 688 1635 et
711 1571 899 1636 Lucretium
923 1593 993 1634 cum
1015 1581 1283 1635 commentaretur
1292 1559 1315 1645 ,¹
1325 1571 1452 1653 saepius
1473 1571 1559 1634 eidem
1572 1573 1621 1633 nale

339 1663 500 1740 dixeriti,
526 1686 589 1729 non
612 1664 687 1729 satis
706 1666 886 1730 desiderare
904 1667 1039 1729 bominis
1055 1665 1248 1747 probitatem
1266 1665 1510 1749 modestiamque
1524 1686 1621 1749 possum

423 1758 456 1821 lt.
501 1759 565 1822 Sed
586 1767 621 1821 ut
643 1760 683 1820 ad
705 1758 770 1823 eius
794 1759 876 1822 iacta
900 1762 1083 1835 redeamus,
1114 1754 1294 1822 Cardinalis
1323 1758 1523 1833 'surnonius,
1550 1779 1622 1841 quem

338 1853 505 1917 admodum
529 1851 610 1914 idem
633 1850 807 1914 Lambinus
830 1851 860 1915 in
884 1851 1017 1924 litteris,
1043 1851 1157 1936 quibua
1181 1850 1312 1915 Horatii
1332 1853 1447 1914 satiras
1466 1865 1497 1914 et
1515 1852 1622 1935 epistobs

337 1947 437 2009 eidem
460 1945 602 2026 dedicat,
635 1945 809 2029 significat,
841 1968 924 2010 anno
948 1947 1030 2011 1555
1055 1949 1177 2011 Rornae
1206 1957 1294 2019 crat,
1328 1967 1370 2008 ex
1395 1945 1493 2009 Gallia
1520 1946 1622 2009 niniam

337 2040 458 2114 redux,
496 2050 528 2101 et
555 2040 661 2105 Roma
697 2037 825 2121 scriptis
864 2039 974 2103 titteris
1004 2039 1148 2104 Heurico
1178 2039 1225 2103 ΙΙ.
1254 2037 1324 2123 regi
1361 2040 1401 2101 de
1434 2038 1552 2103 induciis
1579 2058 1622 2100 cau

273 2190 279 2203 ,
337 2130 564 2216 Hispaniarum
588 2153 666 2217 rege
689 2135 868 2215 gratulatus
890 2143 949 2196 cst.
995 2134 1083 2197 Idem
1106 2143 1220 2196 auctor
1242 2132 1359 2196 Paullo
1384 2131 1448 2195 IV.
1470 2131 1538 2205 iuit,
1561 2131 1622 2197 utri

339 2227 435 2291 armis
464 2225 642 2290 discederet
670 2238 702 2289 et
729 2227 856 2291 foederi
882 2226 1051 2292 sanciendo
1081 2247 1212 2309 operam
1247 2228 1351 2289 daret.
1399 2227 1494 2307 Qttod
1512 2245 1569 2286 cun
1586 2243 1623 2287 tu

338 2320 559 2403 impetrasset,
591 2318 717 2383 veniam
741 2321 847 2385 Roma
872 2321 1008 2386 abeundi
1029 2321 1215 2403 postulavit.
1260 2314 1482 2401 ‚,Vobuttate,
1508 2318 1622 2381 aitLtr

338 2413 453 2490 binus,
490 2424 524 2475 et
544 2434 694 2475 concessu
724 2418 825 2501 ipsitu
853 2415 974 2497 Pontcss
995 2414 1087 2478 Mac.
1110 2436 1153 2476 ex
1180 2408 1263 2477 Urbe
1289 2411 1479 2475 discessisti:
1507 2413 1622 2474 auratis

338 2519 372 2569 et
389 2528 428 2568 eo
450 2503 588 2593 amplius
606 2506 710 2571 Roma
731 2504 879 2595 abfuisti,
908 2529 1032 2570 menses
1052 2511 1176 2569 circiter
1193 2503 1370 2594 quindecim
1392 2510 1426 2567 in
1448 2500 1573 2581 Umbn'a,
1588 2523 1623 2565 su

344 2598 381 2662 V
376 2603 497 2678 enetits,
518 2603 552 2662 in
568 2599 687 2690 oppido
702 2600 888 2666 Corneliano
907 2624 1022 2666 suumn
1038 2612 1246 2665 commoratus
1263 2620 1309 2663 es.
1343 2597 1425 2662 Inde
1441 2596 1527 2685 longo
1542 2600 1622 2670 imm,

338 2688 523 2755 valetudinis
549 2715 646 2757 causa
671 2707 834 2782 suscepto,
865 2694 1032 2787 adaquas
1057 2695 1213 2761 Lucenses
1238 2693 1278 2757 de
1308 2692 1497 2757 medicorum
1519 2692 1622 2753 senaab

331 2782 498 2872 prostatus
524 2784 592 2850 es.''
641 2790 732 2853 Haec
763 2811 892 2875 quoque
924 2790 1091 2867 Lambini,
1126 2791 1179 2875 qui
1209 2789 1414 2859 cardinalem
1451 2788 1621 2855 comitabatu,

338 2877 487 2942 itinerum
517 2881 601 2946 ratio
628 2882 703 2947 [tait.
757 2884 872 2969 Itaque
907 2905 978 2949 cum
1014 2885 1151 2948 triennio
1186 2896 1218 2948 et
1257 2905 1297 2949 eo
1326 2885 1461 2967 amplius
1489 2876 1622 2944 'l'urnotits

338 2972 444 3036 Roma
466 2972 605 3039 abfuerit
627 2989 698 3039 ante
721 2977 815 3041 Pauli
836 2978 903 3041 lv.
927 2990 1012 3042 mort
1035 3002 1081 3053 m,
1104 3000 1185 3062 quae
1207 2980 1289 3041 XV.
1314 2979 1393 3044 Kal.
1418 2977 1578 3061 septembr.
1593 2991 1623 3033 tc

338 3065 430 3143 cidit,
455 3065 540 3131 Iulio
563 3091 670 3133 mense
692 3080 746 3133 aut
767 3069 921 3156 Augusto
945 3000 1048 3137 Rosia
1071 3072 1215 3137 discessit
1238 3072 1428 3137 Lambinus.

424 3161 519 3246 Ergo
542 3174 615 3225 ante
637 3164 721 3226 httnc
744 3163 824 3226 diem
846 3163 981 3247 primam
1010 3190 1050 3230 ex
1072 3166 1216 3248 epistolis
1237 3165 1357 3230 uostris
1380 3163 1558 3249 conscripsit
1573 3176 1624 3223 tunt

340 3255 413 3338 ipso
437 3254 534 3320 1556.
578 3256 823 3342 Insequentibus
853 3259 942 3322 anuis
964 3259 1132 3334 Venetiis,
1163 3259 1231 3323 site
1260 3261 1291 3323 iu
1316 3259 1511 3326 Corneliano
1530 3257 1625 3320 ditent·

338 3360 426 3425 tum,
451 3352 621 3416 ostendunt
643 3353 741 3428 aliae,
765 3374 843 3439 quas
865 3353 1014 3417 Brutus⁵
1036 3352 1145 3416 edidit.
1173 3351 1314 3415 Venetus
1335 3353 1379 3416 A.
1402 3351 1445 3416 D.
1466 3347 1566 3414 XVII.
1578 3339 1625 3409 bui·

340 3440 421 3506 Mai.
450 3464 534 3505 anno
564 3443 762 3508 MDLVIII.
799 3446 902 3511 libros
930 3446 978 3511 tt.
1016 3448 1201 3513 Aristotelis
1231 3450 1271 3510 ad
1301 3448 1523 3511 Nicomachum
1550 3441 1644 3505 Latini

339 3558 356 3597 a
383 3557 417 3600 se
445 3556 559 3600 versos
589 3537 712 3600 dedicat
735 3538 898 3603 Cardinali
921 3541 1111 3613 'l'urnoni03
1145 3562 1210 3623 quo
1233 3541 1286 3604 itte
1308 3552 1473 3624 tempore,
1502 3550 1533 3604 ut
1548 3534 1624 3599 nitu

336 3630 523 3713 praefatur,
546 3633 604 3712 „in
621 3627 694 3692 urbe
711 3636 803 3693 totius
818 3628 932 3694 Italian
942 3630 1174 3717 pulcherrima,
1191 3632 1448 3720 opulentissima,
1469 3631 1623 3724 queassim

333 3728 541 3810 pacatissima
568 3746 589 3785 a
608 3727 756 3810 pristinis
780 3731 863 3789 curis
889 3723 1114 3814 aliquantulum
1139 3724 1314 3789 hramcntt'
1336 3738 1450 3790 nactus
1467 3710 1624 3811 respinin’'

338 3891 372 3946 tle
392 3912 442 3947 suo
462 3892 588 3949 addidit?
628 3893 725 3962 Neque
744 3898 861 3953 miram:
889 3910 947 3946 non
968 3897 1043 3944 enim
1063 3893 1239 3945 librariorum
1260 3908 1346 3944 errata
1367 3892 1498 3955 tollebat,
1523 3886 1561 3942 ted
1576 3884 1626 3935 Cib·

340 3985 438 4021 tonent
458 3974 565 4039 ipsunt,
585 3966 737 4040 siquando
759 3986 813 4020 non
834 3973 898 4020 satis
917 3968 1064 4022 commode
1085 3970 1193 4019 locutus
1214 3968 1368 4032 videretur,
1395 3965 1552 4036 corrigebat.
1580 3951 1625 4013 ΓΜ(

339 4043 428 4103 aba
446 4048 570 4107 car·19.
591 4049 617 4100 2.
630 4042 700 4096 edit.
720 4061 772 4097 cet.
802 4042 850 4094 Ita
868 4048 898 4093 iu
918 4049 945 4098 1.
964 4042 1030 4096 Est.
1063 4046 1094 4096 At
1108 4043 1258 4097 Lambinus
1277 4046 1400 4096 Arretini
1421 4057 1548 4102 errorem,
1563 4045 1625 4116 quit*

341 4125 381 4174 vis
400 4116 497 4172 sedulo
516 4136 648 4173 mouente
668 4136 727 4180 sne,
748 4136 782 4170 ae
802 4119 828 4170 id
849 4117 968 4185 faceret,
988 4135 1114 4184 secutus,
1135 4135 1227 4185 suam,
1248 4133 1279 4171 nt
1302 4118 1364 4170 aliis
1384 4115 1574 4193 quoquinam
1589 4103 1625 4190 ibi

338 4193 481 4267 Iosophite
507 4198 683 4248 inscientiam
703 4190 833 4265 prodidit.
871 4190 955 4246 Ilium
980 4200 1065 4244 etiam
1091 4194 1234 4265 appellare
1256 4191 1371 4243 videtur
1391 4210 1452 4244 cum
1469 4188 1572 4244 scribit:
1591 4181 1624 4270 Ι(111

340 4270 471 4323 Plautum
490 4272 693 4324 commentario
712 4284 843 4321 onustum
865 4273 971 4335 emisit,
991 4272 1117 4340 pluribus
1137 4272 1207 4322 iocis
1226 4270 1404 4335 emendatum
1425 4286 1479 4321 non
1497 4263 1564 4319 iteiie
1577 4257 1624 4345 bf*

340 4349 403 4398 rim.
426 4373 457 4385 -
483 4348 511 4410 t)
531 4343 581 4395 lib.
602 4348 629 4399 2.
649 4360 693 4416 ep.
713 4345 759 4400 76.
778 4343 858 4397 Mur.
874 4343 980 4397 Laudat
1001 4360 1041 4409 te,
1061 4362 1142 4414 quem
1165 4349 1202 4398 ita
1222 4359 1315 4397 tamen
1336 4349 1451 4415 accepit.
1487 4340 1540 4396 Scit
1555 4332 1623 4388 ,stau

281 4476 286 4483 ,
340 4438 422 4490 quem
436 4417 537 4473 landet.
557 4433 584 4470 et
604 4436 668 4479 ent:
687 4423 795 4480 metuit,
817 4437 851 4472 ue
864 4419 989 4473 offendat
1001 4418 1102 4473 solido.
1122 4447 1158 4462 ··
1176 4417 1207 4491 2)
1226 4418 1418 4487 Scaligerian.
1439 4423 1466 4473 2.
1484 4444 1516 4458 -
1532 4411 1558 4484 5)
1571 4402 1623 4457 m·

340 4511 389 4546 cns
412 4495 446 4550 V
443 4494 550 4545 eisarna
580 4492 631 4547 ub.
654 4499 682 4554 8.
715 4508 773 4548 rer.
797 4496 961 4562 Augustan.
987 4493 1053 4547 edit.
1084 4494 1117 4547 V
1115 4502 1188 4551 eust.
1215 4493 1299 4553 1594.
1330 4511 1401 4565 pag.
1426 4497 1487 4557 177.
1526 4483 1623 4541 nubenti

339 4570 496 4641 Gipbanius
527 4574 593 4621 iuris
622 4572 738 4625 scientia
764 4577 894 4641 omnique
921 4575 1059 4642 politioris
1082 4570 1254 4625 litteraturae
1277 4570 1360 4623 lande
1384 4570 1490 4631 clarus;
1525 4555 1624 4618 muto

340 4649 533 4697 testimoninm
554 4648 680 4713 veritati,
698 4662 756 4698 non
777 4648 916 4699 amicitiae
936 4645 1045 4700 damus.
1074 4644 1113 4700 V.
1132 4642 1284 4699 Bacchium
1299 4644 1347 4699 lib.
1362 4648 1389 4703 5.
1411 4641 1527 4696 Advers.
1541 4651 1587 4703 cup·
1596 4631 1623 4680 1st

341 4717 484 4789 losepbnm
503 4719 680 4788 Scaligerum
700 4723 731 4771 in
749 4719 855 4792 Copam
873 4729 926 4775 cet.
952 4750 989 4766 -
1018 4718 1051 4795 It)
1068 4720 1151 4777 titum
1167 4729 1296 4793 specim
1316 4728 1445 4774 censetur
1459 4711 1547 4789 praefi
1561 4700 1622 4791 W

342 4812 398 4846 cer.
435 4794 494 4846 Hae
514 4793 689 4866 respondebo
709 4830 717 4847 .
737 4831 745 4847 .
766 4832 802 4850 ..
829 4812 844 4848 a
869 4801 979 4852 nemine
1006 4803 1050 4851 sui
1069 4795 1173 4851 laboris
1195 4795 1318 4851 fructum
1337 4792 1624 4870 tmpudentouquu

328 4875 415 4926 inste
433 4872 463 4922 in
482 4887 527 4924 me
548 4868 731 4931 transtulisse:
752 4869 826 4941 quod
845 4889 934 4945 nuper
953 4876 982 4927 in
1002 4889 1067 4925 meo
1087 4874 1215 4926 Lucretio
1234 4871 1349 4945 quidam
1368 4874 1491 4923 omnium
1508 4854 1622 4917 notttinffl

341 4945 682 5023 petulantissimumque
702 4945 960 5019 impudentissimus
980 4946 1056 5002 iecit.
1079 4976 1110 4988 -
1132 4951 1163 5015 5)
1179 4963 1251 5019 pag.
1271 4951 1337 5008 378.
1354 4945 1419 4999 vito
1437 4950 1466 4995 et
1482 4940 1538 5000 tis
