3322 5578
591 321 832 386 nissonm.
1349 332 1367 395 o
1414 290 1421 309 ’

73 461 226 536 Antonios,
251 464 290 525 de
305 461 417 544 quibus
434 461 583 525 Valerius
600 462 696 524 Max.
711 462 767 525 lib.
784 463 833 527 ΙΙ.
850 487 923 547 cup.
941 466 977 542 9,
1003 467 1034 529 5.
1060 465 1176 532 Cicero
1192 467 1280 533 initio
1296 470 1368 534 libri

74 555 139 620 tertii
165 559 201 618 de
230 557 370 621 Oratore
399 557 527 632 scribit,
568 556 742 619 Antonium
775 578 938 621 censorem
972 559 1185 644 imperatoriis
1217 565 1367 627 mainsbiis

73 653 170 714 Rostra
183 671 333 714 ornasse.

234 888 328 957 Anno
355 890 452 958 Urbis
471 880 621 958 DOLVH.
649 898 817 962 ticeronis
841 895 905 960 XI.
934 917 1018 960 coss.
1033 897 1182 978 fuerunt

69 1030 783 1133 en.nos11r1osnnsnomnno5‚
811 1036 853 1111 c.
873 1015 1366 1120 cassiusnonainos

131 1188 176 1250 De
197 1187 264 1250 hoe
285 1187 430 1252 Domitio
455 1187 572 1253 Cicero
600 1214 662 1274 pro
685 1190 843 1257 Deiotaro
870 1215 941 1275 cap.
968 1196 1038 1268 11„
1077 1196 1131 1259 Cu.
1162 1196 1367 1277 Domitium,

67 1280 163 1365 inqnit,
184 1304 246 1347 nos
280 1284 383 1363 pueri
409 1284 606 1362 Consulem,
640 1287 834 1367 Censorem,
865 1285 1061 1362 Pontificem
1089 1286 1189 1349 Mem
1215 1288 1368 1355 vidimus.

67 1375 177 1437 Decius
207 1374 371 1435 tribunatu
399 1374 465 1435 dixi
492 1377 531 1436 ael
559 1373 670 1437 annino
693 1376 799 1441 DCL.
854 1376 981 1441 Censor
1009 1378 1067 1440 snit
1096 1398 1177 1440 anuo
1205 1378 1365 1462 DCLttt.

69 1468 131 1530 Post
157 1466 348 1529 tritmuatum
385 1468 530 1547 pontifex
561 1470 711 1532 inanimus
741 1471 853 1553 populi
884 1473 1038 1556 suffragio
1068 1486 1191 1535 creatus
1220 1472 1297 1547 suit,
1333 1485 1367 1536 nt

70 1572 105 1622 est
122 1561 145 1622 in
166 1561 304 1642 epitonia
332 1560 465 1623 Liviana
495 1561 724 1625 libsLXVll.
769 1564 819 1627 De
842 1568 951 1629 eodem
976 1566 1092 1630 Cicero
1115 1567 1146 1629 in
1169 1568 1273 1631 Bruto
1297 1589 1366 1648 cap.

69 1655 107 1717 n.
140 1657 241 1736 Hoc,
274 1655 393 1738 inquit,
429 1658 510 1720 loco
542 1657 653 1735 ipsum
673 1656 859 1720 Domitium
887 1679 955 1721 nou
984 1662 1139 1742 relinquo
1150 1680 1161 1736 ,·
1182 1678 1270 1721 ⁴nam
1306 1663 1369 1724 etsi

66 1766 116 1808 nan
133 1747 205 1826 suit
233 1751 269 1809 in
297 1759 475 1812 oratorum
496 1758 655 1822 numero,
689 1757 801 1810 tomen
829 1769 920 1828 pono
941 1750 1023 1810 scitis
1046 1753 1078 1812 in
1100 1771 1139 1812 eo
1153 1749 1268 1829 fuisse
1291 1770 1367 1810 oro·

66 1840 144 1899 nonis
162 1848 264 1922 utque
285 1841 434 1920 ingenii,
466 1857 535 1919 quo
565 1843 597 1897 et
626 1839 849 1916 magistratus
875 1859 1057 1916 personam
1088 1849 1119 1902 et
1149 1839 1366 1903 consularem

66 1927 235 2007 lignitatem
257 1938 422 1991 tueretur.
473 1925 528 1988 His
552 1926 734 1989 eousiiiibns
763 1928 980 1990 Ptolemaeum
1009 1951 1116 2013 regern
1147 1929 1363 2011 Cyrenes-nin,

67 2016 103 2077 rui
120 2036 294 2100 cognomen
318 2017 436 2099 Apioni
458 2018 536 2093 tuit,
562 2030 717 2082 mortmnn
741 2031 930 2083 testamento
953 2024 1098 2086 heredem
1122 2023 1273 2105 populum
1298 2024 1367 2086 Ro-

66 2129 162 2169 nautius
182 2111 354 2195 reliquisse
388 2112 578 2195 Obsequens
609 2132 680 2191 cap.
714 2115 785 2178 109.
814 2129 844 2177 et
876 2114 1088 2180 Cassiodorus
1112 2118 1272 2181 scribunt:
1310 2117 1366 2181 Ci-

66 2222 122 2263 rrro
140 2216 243 2266 eontra
281 2205 408 2267 Rsiltnm
439 2205 486 2267 11.
517 2226 585 2286 cap.
618 2206 669 2268 19.
704 2205 869 2270 adscribit
896 2210 983 2272 idem
1003 2213 1161 2273 auctioni
1180 2212 1365 2274 Corinthios

66 2316 146 2378 agros
166 2300 301 2378 opimos
322 2307 354 2362 et
367 2298 502 2379 fertiles
523 2308 553 2361 et
577 2300 792 2380 Cyrenenses,
815 2301 879 2380 qui
896 2294 1032 2379 Apionis
1049 2299 1207 2378 fuerunt.

200 2537 305 2603 Anno
331 2536 426 2602 urm
449 2537 616 2600 acerra.
646 2538 814 2599 cicerone
839 2488 930 2597 ,rin
947 2555 1030 2597 coss.
1055 2533 1206 2615 fuerunt

120 2675 157 2749 Ιι.
181 2677 411 2755 LICINIUS
439 2675 684 2774 CRASSUS,
723 2676 767 2777 Q.
796 2672 983 2751 llIUCIUS
1012 2673 1286 2751 SCAEVOLA.

126 2832 169 2896 De
192 2834 240 2896 his
262 2832 336 2898 Cir.
359 2836 459 2897 Vere.
483 2834 547 2896 IV.
573 2854 644 2914 cap.
673 2834 724 2896 19.
769 2832 926 2896 Halesini
942 2854 1007 2914 pro
1030 2832 1147 2894 multis
1172 2844 1205 2895 et
1227 2832 1363 2916 magnis

65 2925 120 2987 ntis
142 2928 376 3012 maiorumque
409 2950 553 2991 suornm
575 2928 610 2989 in
636 2949 708 2988 rem
732 2928 905 3008 politicam
930 2937 1085 2988 nostrum
1113 2926 1244 2988 meritis
1263 2939 1365 3009 atque

66 3018 228 3097 benficiis,
253 3044 322 3084 stro
344 3021 419 3083 inre
444 3043 553 3103 nuper
576 3026 617 3085 L.
648 3020 800 3094 Licinio,
828 3023 870 3102 Q
895 3021 1016 3083 Mrmio
1041 3022 1137 3083 Coss.
1165 3042 1242 3081 cum
1265 3021 1365 3081 lrabe-

67 3115 221 3178 rentinter
242 3137 282 3178 se
312 3106 563 3179 controversias
590 3115 631 3176 aie
660 3124 783 3176 senatu
812 3114 1022 3193 cooptando,
1052 3115 1144 3194 leges
1168 3114 1212 3175 ab
1243 3127 1366 3177 senatu

9 3266 10 3283 ,
68 3217 159 3268 nostro
183 3209 393 3290 petiverunt.
438 3211 525 3272 Idem
555 3208 609 3271 lib.
646 3209 711 3271 tlt.
744 3229 815 3287 enp.
855 3210 905 3267 11.
938 3209 975 3267 dc
1006 3207 1145 3269 Officiis:
1186 3211 1271 3271 Esse
1296 3232 1365 3292 pro

67 3297 118 3359 cire
137 3302 189 3384 qni
209 3303 344 3365 nonsit
367 3302 466 3372 cinis,
492 3315 621 3364 reetrnn
646 3313 786 3363 estnon
809 3300 928 3375 licere,
956 3322 1058 3385 quam
1079 3303 1231 3363 tulerunt
1254 3305 1365 3386 legem

67 3392 283 3474 sapientissimi
313 3399 471 3461 consules
504 3401 712 3460 Crassas‘et
745 3396 917 3457 Scaevola.
964 3396 1056 3455 Hane
1082 3395 1182 3478 tegern
1208 3396 1363 3458 Liciniam

68 3496 90 3543 et
105 3486 231 3550 Murciam
266 3500 363 3551 voest
385 3489 413 3550 in
437 3492 540 3552 Bruto
563 3510 633 3570 cap.
660 3490 730 3556 ss..
767 3510 826 3569 quia
851 3488 1032 3550 acerrimam
1056 3490 1244 3552 decivitate
1267 3514 1365 3577 qisae·

68 3578 172 3642 sionem
195 3582 341 3656 senisse,
366 3583 408 3645 uit
431 3604 491 3664 pro
516 3583 618 3644 Balbo
642 3603 712 3662 esp.
737 3581 789 3642 21.
834 3582 884 3644 De
907 3585 1013 3644 eedem
1036 3605 1098 3664 pro
1122 3581 1275 3647 Cornelio
1300 3606 1364 3646 inc·

68 3670 163 3737 iestatis
188 3697 269 3739 reo:
293 3681 420 3760 Legem
449 3676 617 3740 Liciniam
647 3688 679 3737 et
702 3674 857 3738 Mne-iam
887 3675 929 3737 ‹le
954 3676 1081 3739 civibus
1103 3679 1267 3758 regundis
1294 3679 1364 3741 dno

70 3773 197 3834 consules
222 3771 397 3844 omniurn,
439 3790 523 3854 qrros
545 3768 709 3842 vidimus,
740 3768 1173 3850 sapientissimitulerunt,
1214 3770 1243 3832 in
1271 3772 1364 3855 qisem

71 3858 148 3925 launo
178 3865 339 3928 Asconius
378 3867 463 3943 (Ed.
503 3863 586 3925 Bait.
617 3883 651 3943 p.
683 3860 759 3939 tt.)
796 3862 884 3941 ptura
925 3862 1048 3924 scribit.
1107 3861 1228 3945 Crasso
1259 3865 1362 3929 Gallia
1478 3862 1484 3869 ’

69 3956 203 4031 provincia
231 3957 382 4031 obvenit,
408 3957 438 4019 in
465 3978 565 4040 esurie
588 3976 654 4016 rem
682 3955 796 4038 gessit,
831 3957 868 4015 de
895 3978 954 4035 qtia
983 3955 1102 4020 Cicero
1131 3958 1188 4020 tib.
1216 3958 1262 4019 ll.
1290 3978 1360 4038 esp.

69 4044 108 4107 il.
126 4052 160 4111 de
180 4050 390 4122 Inventione,
416 4061 447 4112 et
468 4049 499 4111 in
525 4049 674 4112 Pisonem
701 4068 768 4128 cap.
792 4049 844 4109 to.
891 4050 933 4127 Q.
956 4050 1085 4112 Mucius
1114 4049 1144 4111 in
1176 4050 1249 4112 Asin
1278 4050 1364 4133 lega-

70 4149 117 4203 tam
135 4146 236 4207 halnsit
260 4147 301 4207 P.
325 4144 476 4209 Rutilium
502 4143 640 4216 Rufum,
673 4141 728 4223 qui
755 4142 865 4204 consui
895 4144 998 4205 tuerat
1022 4166 1103 4206 antro
1127 4142 1361 4213 DCXLVIII.

69 4235 167 4316 nnita
188 4237 363 4319 psiblicanis
385 4235 460 4299 nihii
485 4257 579 4320 agere
600 4234 631 4295 in
655 4233 732 4297 Asin
755 4239 956 4318 permiserat,
992 4258 1101 4299 eornm
1125 4233 1362 4314 conspiratione

70 4324 243 4395 iniunctum
268 4343 398 4394 vocatus
420 4332 460 4392 ab
491 4328 667 4412 equitibus,
702 4326 756 4410 qui
784 4339 847 4388 tum
877 4327 1072 4404 iudicabant,
1109 4331 1271 4389 ‹tassinatns
1294 4341 1360 4403 est,

71 4425 209 4505 asscripsi
230 4425 262 4486 in
286 4447 359 4507 cap.
385 4423 517 4486 17.-ttb.
541 4422 585 4487 V.
617 4421 738 4483 Orosii.
798 4421 946 4483 Meminit
979 4423 1046 4484 eins
1078 4420 1196 4485 Cicero
1226 4421 1361 4502 passim,
1422 4432 1430 4445 “

72 4508 112 4574 ll).
130 4516 156 4578 1.
178 4541 247 4601 cap.
270 4520 325 4582 53.
348 4520 386 4581 de
409 4519 563 4592 Oratore,
586 4514 616 4576 in
639 4515 760 4588 Bruto,
785 4535 857 4594 cap.
882 4515 935 4578 29.
959 4537 1018 4596 pro
1035 4515 1191 4588 Fonteio,
1217 4536 1288 4596 cap
1310 4514 1360 4577 tt.

73 4602 94 4664 in
108 4609 264 4689 Pisonem,
289 4634 361 4694 cop.
378 4612 431 4675 39.
454 4612 510 4673 lib.
535 4608 600 4671 Ill.
624 4629 694 4689 esp.
712 4609 765 4670 39.
789 4610 827 4670 dc
849 4610 971 4670 Natura
994 4608 1097 4670 Deor.
1121 4619 1152 4671 et
1175 4606 1261 4669 alibi.
1302 4607 1361 4670 His

75 4706 228 4770 consulibus
261 4720 392 4789 praetor
419 4705 479 4769 soit
508 4725 567 4766 sno
596 4723 677 4765 antro
707 4700 747 4766 C.
777 4700 928 4765 Claudius
955 4703 1022 4782 Ap.
1060 4705 1100 4768 F.
1131 4705 1289 4778 Pulcher,
1328 4711 1361 4762 nt

75 4802 109 4851 αἱ
125 4794 151 4857 in
171 4798 305 4863 Venisse
329 4800 397 4863 lv.
418 4821 490 4881 cap.
514 4797 566 4860 ttt.

504 4934 909 4953 w
