3322 5578
285 282 327 347 u
400 280 421 315 ι’
670 284 745 387 Ιιιι.
769 282 932 353 runnu
954 281 1218 371 crenuoms,

283 424 316 489 in
339 444 450 490 eorum
466 424 632 489 consulatu
644 437 826 507 praeturam
847 424 985 511 gessisse
1002 424 1169 504 videatur,
1191 428 1348 512 tempori,
1370 450 1437 516 quo
1454 430 1514 496 ista
1531 431 1614 499 seri·

282 518 365 603 psit,
396 518 574 583 attribuito.
618 520 696 587 Hoc
717 541 799 603 ergo
821 530 961 594 maneat,
993 519 1135 585 Caelium
1163 523 1237 608 lege
1257 524 1388 589 Lutatia
1414 528 1455 592 ds
1477 525 1510 591 ri
1531 548 1614 610 pro-

283 627 356 697 pter
376 614 550 678 seditiones
570 612 799 696 Neapolitanas
821 625 853 678 et
875 614 935 677 alia
957 613 1088 679 crimina
1109 630 1310 683 accusatumr
1341 622 1379 683 de
1400 620 1615 686 seditionibus

283 706 502 791 Neapolitanis
524 720 555 771 et
578 708 868 773 Alexandrinorum
890 706 1069 791 pulsatione
1090 711 1268 776 Puteolana
1290 734 1308 775 a
1330 713 1384 778 M.
1406 711 1548 790 Crasso;
1572 716 1615 779 dc

282 824 381 879 auro,
405 804 493 888 quod
515 824 533 865 a
555 799 670 868 Clodia
692 801 880 885 sumpsisse,
908 814 939 865 et
963 821 1103 881 veneno,
1128 806 1216 887 quod
1236 803 1375 871 eiusdem
1397 805 1532 873 Clodiae
1554 829 1615 871 ne-

282 901 401 963 candae
424 917 517 961 causa
539 916 669 977 parasse
691 895 872 970 dicebatur,
901 916 918 957 a
941 896 993 960 M.
1015 894 1175 961 Cicerone
1204 900 1266 961 boc
1292 910 1438 982 tempore
1459 923 1529 967 esse
1556 904 1615 967 de·

281 992 418 1057 tensum.
463 991 505 1070 Q.
527 989 680 1052 Metellus
705 990 818 1071 Nepos
840 1009 882 1053 ex
902 988 1070 1055 consulatu
1092 991 1124 1055 in
1145 991 1330 1074 Hispaniam
1352 994 1518 1076 proiectus
1539 1017 1614 1063 eam

280 1086 481 1171 provinciam
503 1086 566 1146 hoo
588 1096 733 1165 tempore
754 1102 816 1164 pro
838 1082 970 1149 consule
992 1084 1179 1160 obtinebam
1206 1090 1289 1150 rande
1310 1089 1368 1170 τῆς
1385 1083 1532 1175 Ἰβηρίας
1552 1086 1616 1157 ἀι.

281 1176 438 1256 Maeror
458 1201 478 1241 a
492 1179 670 1244 Plutarcho
691 1176 726 1241 in
740 1176 882 1243 Caesare
905 1178 1104 1244 nominatnrs
1127 1179 1316 1266 videturque
1337 1204 1378 1248 ea
1393 1183 1547 1266 Hispania
1573 1187 1617 1251 ad

282 1274 474 1341 Ciceronem
496 1271 616 1336 misisse
639 1270 805 1353 epistolam
821 1274 852 1337 d.
876 1270 931 1342 lib.
945 1273 993 1337 V.
1013 1275 1053 1336 ad
1067 1274 1095 1339 F
1097 1295 1175 1350 am.,
1200 1275 1231 1339 in
1253 1298 1315 1361 qua
1337 1279 1377 1342 de
1398 1276 1615 1343 contumelio·

280 1369 325 1435 sis
347 1365 554 1432 concionibus
570 1364 677 1431 Clodii
698 1364 829 1430 aeditis*
852 1367 1074 1453 conqueritur.
1113 1367 1247 1435 Clodius
1267 1370 1370 1436 irater
1391 1370 1530 1457 Nepotis
1552 1394 1615 1456 ap·

279 1465 419 1549 pellatur
432 1461 524 1525 etiam
539 1461 570 1523 in
587 1470 672 1524 orat.
688 1472 762 1542 post
776 1460 871 1547 redit.
889 1460 923 1524 in
940 1470 1052 1526 senatu
1069 1484 1141 1546 cap.
1157 1464 1210 1527 to.
1229 1476 1263 1529 et
1275 1487 1338 1548 pro
1353 1467 1452 1530 domo
1466 1487 1539 1549 cap.
1553 1467 1614 1531 27.

281 1581 344 1624 uon
367 1568 504 1643 propter
525 1554 723 1631 affinitatem,
749 1566 783 1617 ut
804 1555 904 1641 vrrlgo
927 1554 1116 1637 interpretes
1137 1556 1196 1620 sibi
1217 1569 1463 1641 persuaserunt,
1494 1580 1615 1627 verum

281 1652 354 1739 quia
375 1654 409 1718 ἐν
428 1647 514 1737 γένει
535 1643 625 1732 αὐτῷ
645 1634 700 1728 ἦν,
722 1658 759 1710 ut
779 1648 846 1713 Dio
867 1651 907 1711 de
928 1649 1066 1714 Metello
1089 1648 1206 1716 Celere
1226 1650 1288 1729 ait,
1319 1673 1413 1738 quens
1435 1651 1528 1719 etiam
1551 1652 1615 1719 Ci-

280 1770 358 1813 oero
380 1750 418 1811 de
441 1741 641 1825 harrupieum
664 1742 827 1824 responsis
855 1763 927 1825 cap.
950 1742 1004 1806 tt.
1039 1754 1072 1806 et
1098 1765 1161 1827 pro
1185 1742 1297 1810 Caelio
1326 1766 1399 1829 cap.
1423 1746 1476 1811 24.
1500 1745 1614 1815 Clodii

279 1843 411 1909 fratrem
434 1837 587 1904 nominat.
624 1837 767 1900 Fuerunt
788 1848 889 1901 auum
911 1836 1029 1901 iratres
1049 1836 1211 1918 patrueles
1234 1837 1322 1914 sire,
1342 1850 1378 1902 ut
1391 1838 1615 1906 iurisconsulti

280 1946 415 2008 vocant,
449 1929 582 1996 amitini.
631 1927 770 1992 Caecilia
799 1929 881 1993 enim
911 1941 1013 1993 mater
1040 1926 1150 1994 Clodii
1168 1930 1380 2012 Metellorum
1410 1933 1505 2005 amita
1532 1935 1612 2000 fnit.

280 2029 450 2095 Metellum
465 2026 626 2107 Nepotem
647 2024 711 2086 hoc
731 2037 877 2108 tempore
898 2023 931 2087 in
946 2014 1102 2106 Hispania
1120 2023 1293 2088 decessisse
1314 2046 1450 2109 eumque
1471 2049 1490 2091 a
1512 2027 1612 2095 Cice·

278 2145 361 2189 rone
390 2118 521 2204 intelligi
550 2117 645 2199 epist.
671 2122 703 2182 7.
731 2118 787 2186 lib.
809 2119 875 2183 tv.
902 2119 943 2180 ad
964 2118 1037 2180 Art.
1070 2114 1130 2179 viri
1158 2117 1246 2182 docti
1275 2122 1415 2202 ιιιιῐιιιιῑ.2
1459 2122 1611 2203 Quodsi

279 2238 391 2282 rerum
415 2224 514 2287 esset,
538 2212 675 2275 Dionem
697 2213 755 2277 lib.
775 2204 949 2276 ³xxxlx.
972 2232 1003 2273 c.
1017 2212 1093 2286 et..
1113 2209 1166 2275 ubi
1187 2232 1240 2275 res
1261 2215 1302 2276 ab
1323 2233 1364 2277 eo
1386 2213 1417 2277 in
1439 2215 1612 2298 pronincia

281 2322 387 2395 gestas
408 2304 559 2389 exponit,
590 2308 887 2387 praetermissurum
909 2303 1008 2369 laruae
1031 2325 1096 2369 non
1117 2303 1272 2370 arbitror.
1316 2306 1419 2372 immo
1441 2307 1469 2372 si
1489 2308 1551 2372 iam
1575 2309 1610 2375 in

279 2402 434 2487 Hispania
456 2399 568 2484 periit,
592 2412 640 2463 est
663 2403 750 2484 quod
772 2399 914 2465 Pediano
937 2396 1072 2483 gratiam
1095 2399 1234 2477 relerat,
1259 2400 1315 2486 qui
1334 2401 1422 2466 illum
1444 2414 1609 2471 mertuum

206 2576 208 2580 ι
278 2498 310 2562 in
332 2497 428 2561 vitam
449 2492 577 2558 reduxit
598 2504 693 2577 atque
715 2493 745 2556 in
769 2514 903 2583 numero
926 2513 1041 2559 novem
1058 2493 1289 2571 consularium,
1312 2494 1368 2580 qui
1386 2495 1514 2563 biennio
1530 2511 1611 2582 post

280 2593 431 2655 Scaurrun
454 2609 542 2653 reum
559 2588 785 2663 laudaverunt,
811 2588 995 2653 collocavit.
1032 2584 1202 2672 Utcunque
1217 2599 1281 2661 est,
1305 2588 1357 2652 M.
1374 2589 1500 2654 'l'ullius
1515 2589 1613 2675 quim,

279 2708 342 2771 que
364 2683 516 2767 epistolas
538 2679 613 2743 libri
635 2681 741 2763 quarti
762 2683 801 2745 ad
824 2684 913 2759 Ars„
942 2680 1065 2745 scilicet
1092 2692 1252 2766 rqtrartam,
1282 2682 1439 2768 quintam,
1467 2697 1607 2762 sextam,

278 2780 441 2863 septimam
463 2787 495 2838 et
518 2784 684 2849 octavam,
698 2774 756 2839 bis
777 2775 960 2839 consulibus
985 2774 1124 2856 scripsit.
1169 2776 1207 2839 Iu
1222 2790 1312 2839 sexta
1329 2776 1467 2842 meminit
1481 2778 1608 2859 episto-

180 2870 184 2875 ’
278 2876 330 2939 lae
351 2874 391 2935 ad
414 2867 587 2933 Lucceium
609 2866 740 2945 missae,
770 2869 995 2953 quaeest17.
1018 2867 1075 2932 lib.
1098 2873 1145 2936 V.
1169 2873 1208 2933 ad
1230 2870 1362 2949 Famil.,
1394 2895 1472 2958 qua,
1496 2885 1532 2938 ut
1552 2893 1608 2939 ras

279 2992 296 3033 a
318 2989 354 3032 se
374 2966 407 3029 in
432 2961 599 3027 consulatu
621 2972 728 3045 gestas
749 2964 884 3039 scribat,
915 2984 985 3026 eum
1007 2974 1116 3048 rogat.
1161 2963 1203 3029 C.
1231 2965 1331 3029 lulius
1355 2963 1476 3033 Caesar
1504 2967 1607 3051 gestis

276 3063 342 3127 hoc
363 3079 445 3124 auno
468 3058 564 3120 rebus
587 3053 665 3132 illis,
693 3075 771 3140 quas
793 3057 850 3120 lib.
873 3058 938 3124 111.
961 3058 1257 3129 commentariorum
1279 3059 1484 3143 perscripsit,
1508 3082 1608 3126 emp.

277 3156 405 3238 cituque
421 3152 452 3215 in
469 3149 618 3215 Aulercis
632 3151 867 3236 Lexobiisque,
893 3152 1024 3237 reliquis
1043 3153 1117 3216 itenr
1133 3152 1332 3235 civitatibus,
1356 3177 1439 3241 quae
1453 3154 1606 3238 proxime

60 3254 64 3261 '
164 3292 166 3295 -
277 3251 394 3314 bellum
415 3245 575 3320 fecerant,
607 3244 637 3306 in
659 3245 800 3309 bibernis
821 3245 1174 3311 collocatodisccdeus
1204 3247 1234 3311 in
1258 3249 1380 3312 ltaliam
1402 3250 1511 3313 Lucae
1535 3250 1607 3329 uie.

278 3344 393 3418 marit3
422 3353 553 3406 auctore
581 3341 761 3405 Plutarcho
790 3340 820 3403 in
851 3340 1027 3422 Pompeio,
1063 3338 1202 3405 Caesare
1236 3352 1268 3405 et
1296 3340 1434 3407 Catone.
1484 3344 1606 3427 quue

276 3436 467 3521 Pompeium
496 3445 527 3497 et
550 3432 700 3503 Crassum
731 3445 893 3499 extractos
921 3434 1092 3516 compulit,
1123 3445 1157 3497 ut
1184 3436 1369 3500 detrudendi
1397 3437 1441 3500 L.
1465 3436 1606 3501 Domitii

231 3548 235 3556 “
276 3554 388 3610 cerasa,
410 3529 467 3615 qui
487 3528 591 3611 palam
613 3528 789 3593 minabatur
810 3528 972 3593 coarsulem
994 3549 1029 3592 se
1051 3528 1256 3607 effecturum,
1281 3531 1371 3615 quod
1391 3541 1523 3612 praetor
1545 3552 1606 3594 ne-

277 3628 416 3713 quisset,
441 3626 723 3705 adempturumque
739 3621 871 3686 Caesari
884 3620 1056 3698 exercitus,
1078 3622 1274 3686 consulatum
1291 3623 1422 3687 alternam
1437 3634 1606 3705 peterent;

278 3720 449 3786 Suetonius
470 3717 501 3779 in
524 3716 607 3779 Iulio
632 3736 704 3798 cap.
729 3717 782 3779 et.
826 3716 875 3780 Ita
895 3716 1031 3790 laetum,
1063 3727 1096 3779 ut
1118 3716 1300 3793 Domitius,
1331 3718 1389 3800 qui
1414 3728 1463 3781 tot
1484 3737 1603 3794 annos,

277 3827 357 3900 quot
398 3814 551 3885 habebat,
589 3809 623 3873 id
657 3822 723 3885 est,
760 3831 820 3893 per
849 3820 948 3875 totam
980 3810 1077 3871 vitam
1109 3808 1290 3892 designatus
1323 3809 1439 3875 constal
1473 3810 1602 3888 suern,

276 3908 388 3974 consul
416 3904 487 3969 lieri
513 3925 576 3968 non
603 3902 764 3986 'potnerit3
798 3902 893 3986 epist.
921 3904 953 3965 8.
986 3900 1041 3965 lib.
1068 3902 1133 3968 IV.
1160 3904 1201 3965 ad
1228 3902 1330 3967 Attio.
1379 3902 1463 3969 Cum
1494 3916 1604 3971 astte·

243 4036 246 4048 ν
277 4002 452 4087 Pompeius
486 4008 520 4063 et
552 3998 689 4064 Crassus
724 3998 806 4062 intra
843 3996 1016 4081 legitimum
1053 4006 1176 4076 tempus
1211 3994 1352 4078 professi
1381 4018 1448 4063 noo
1476 4008 1601 4073 essem,

276 4099 452 4162 effecerunt
472 4114 543 4158 cum
563 4091 743 4189 pet·alios,
766 4102 832 4154 tum
854 4110 913 4178 per
935 4087 977 4154 C.
994 4087 1152 4184 Catonem
1167 4088 1245 4153 trib.
1263 4091 1371 4174 pleb„
1395 4112 1435 4156 ne
1456 4112 1500 4157 eo
1513 4112 1602 4157 anno

276 4189 402 4254 comitia
424 4188 633 4260 habereutur3
656 4196 708 4262 ut,
730 4207 800 4248 cum
822 4204 874 4247 res
895 4185 939 4247 ad
955 4181 1170 4267 interregnum
1187 4183 1339 4265 redisset,
1362 4184 1506 4270 legitime
1522 4206 1604 4253 eon·

275 4282 410 4348 sulatum
431 4293 467 4347 et
483 4291 629 4364 peterent
650 4290 682 4343 et
703 4288 918 4360 capesserent.
962 4276 1028 4342 Dio
1049 4276 1107 4340 lib.
1130 4276 1303 4344 XXXIX.
1326 4300 1357 4343 c.
1380 4280 1435 4345 77.

315 4443 343 4509 ι)
365 4436 436 4506 “Vel
457 4441 548 4509 perles
569 4430 677 4487 Metelll
698 4430 788 4496 illtes,
817 4450 898 4502 quem
917 4450 981 4487 curn
1001 4434 1092 4506 Appio
1111 4447 1139 4486 et
1159 4430 1258 4486 Clodto
1278 4440 1421 4489 coniunxit
1441 4435 1545 4490 Clcsro
1564 4432 1600 4487 ad

278 4519 361 4570 Atttc.
381 4514 434 4579 lv,
455 4518 481 4574 ὅ.
511 4527 647 4585 quemque
676 4506 916 4580 improbissimum
944 4515 1031 4563 etiem
1053 4504 1138 4560 fnisse
1167 4526 1200 4562 sn
1225 4507 1330 4563 etsdem
1349 4509 1474 4586 epistolis
1495 4508 1600 4585 μοι’*

153 4600 157 4609 ·
276 4605 331 4648 cet.
369 4588 627 4663 Marryni-Lapuna
646 4584 717 4656 Epp.
739 4584 798 4637 th.
818 4602 845 4655 p.
865 4586 930 4640 217.

313 4669 344 4731 2)
362 4663 451 4718 Verba
472 4665 538 4718 baec
557 4677 637 4715 tunt:
663 4660 708 4713 De
728 4657 861 4722 Metello,
891 4655 949 4735 οὐχ
969 4656 1039 4730 ὁσίη
1063 4657 1271 4735 φθιμένοισιν.
1311 4659 1369 4712 Sed
1385 4668 1481 4714 tamen
1500 4659 1599 4713 multis

276 4745 360 4794 αιιιιίι
382 4744 455 4793 etva's
477 4756 557 4792 neme
582 4744 647 4791 erat
671 4741 812 4797 mortium,
837 4737 885 4805 qul
904 4770 912 4788 .
931 4769 939 4787 .
959 4769 967 4789 .
987 4770 995 4788 .
1015 4769 1052 4789 ..
1092 4734 1170 4804 Quae
1189 4733 1271 4790 verba
1296 4735 1331 4789 ad
1349 4734 1484 4809 enodem,
1513 4752 1598 4810 quent

277 4818 366 4889 tangit
386 4812 447 4868 Lib.
467 4816 533 4884 tv.,
551 4816 594 4883 5.,
614 4814 752 4886 pertinere
771 4807 901 4864 arbitror.

725 4937 1132 4961 Ἣ
