3322 5578
560 364 800 434 maenum.
1324 371 1366 437 aa
1407 428 1419 455 „

70 510 176 577 πᾶσι
197 526 307 573 msam
329 517 512 591 praetorem
534 506 577 571 P.
598 506 753 585 Clodios,
776 506 826 572 cui
848 524 987 572 summae
1008 507 1190 575 inimicitiae
1213 530 1285 576 cum
1298 511 1367 577 Ml-

70 608 123 672 lrse
145 605 421 669 intemedetnaut.¹
475 602 589 687 Itaque
617 622 648 665 a.
678 603 712 665 d.
740 600 844 667 Xlll.
872 603 1011 669 Kalend.
1042 603 1143 669 Febr.
1173 626 1243 671 cum
1277 604 1367 671 Milo

67 699 219 766 huruuua
240 696 500 782 proficisceretur
520 708 551 760 et
573 693 707 761 Clodius
721 692 839 763 ,Aricia
861 695 986 761 rediens
1009 696 1040 761 ei
1060 699 1272 778 occurrisset,
1293 700 1367 765 rixa

65 807 200 879 repugna
220 791 308 856 forte
328 789 517 866 commissa,
554 788 690 856 Clodius
716 789 900 855 interiectus
929 800 997 855 est:
1032 794 1121 877 qrrod
1149 794 1311 859 Asconius
1333 795 1366 857 in

64 896 229 972 argumento
251 895 335 950 orat.
356 904 420 967 pro
442 883 568 949 Milone
588 885 734 968 pluribus
758 881 864 948 verbis
886 895 1007 949 narrat.
1052 885 1228 971 Pompeius
1254 887 1366 951 deinde

63 984 93 1044 ab
110 980 263 1065 interrege
284 979 357 1043 Ser.
381 976 525 1060 Sulpicio
547 976 594 1042 V.
625 978 703 1042 Kal.
732 975 870 1042 Martias
892 979 1006 1042 consul
1028 990 1156 1044 creatus
1179 993 1226 1045 est
1247 967 1368 1045 statim·

62 1094 110 1160 qne
132 1072 329 1141 consulatum
356 1071 425 1136 iniit
452 1082 486 1135 et
511 1091 612 1137 noras
639 1072 726 1159 leges
752 1070 824 1136 tulit
846 1073 923 1137 duas
949 1095 990 1137 ex
1012 1074 1051 1138 8.
1070 1072 1140 1139 C.a
1174 1076 1304 1139 alterans
1327 1078 1367 1138 de

62 1168 99 1244 ri,
124 1188 181 1252 qna
206 1166 391 1233 nominatim
420 1167 548 1230 caedem
571 1164 678 1250 Appia
707 1164 759 1230 via
786 1166 900 1231 factam
931 1174 962 1229 et
988 1165 1167 1235 ¹incendium
1197 1169 1304 1234 euriae
1333 1178 1367 1232 et

60 1264 166 1326 donum
194 1262 248 1326 M.
274 1260 391 1344 Lepidi
417 1257 589 1345 interregis
619 1270 835 1343 oppugnatam
868 1261 1129 1343 comprehendit3
1166 1262 1297 1327 alteram
1328 1264 1367 1327 de

59 1355 175 1433 ambitu,
197 1376 303 1439 poena
326 1353 476 1441 graviore
498 1364 531 1416 et
551 1355 654 1417 lorrna
677 1352 864 1417 iudiciorum
885 1353 1236 1441 brevioreproposita'.
1273 1358 1368 1423 Utra-

60 1468 108 1535 que
122 1448 200 1517 enim
216 1451 270 1515 lex
287 1450 377 1534 prius
397 1459 493 1513 testes
512 1445 580 1510 dari
599 1445 836 1529 pertriduum,
861 1449 972 1513 deinde
990 1471 1054 1513 suno
1074 1448 1124 1514 die
1143 1463 1238 1535 atque
1254 1454 1366 1515 eodem
1428 1482 1434 1491 ·

7 1612 9 1635 .
59 1554 84 1606 et
99 1544 135 1607 alr
155 1556 342 1609 accusatore
364 1556 396 1607 et
417 1542 458 1607 ab
479 1563 538 1607 reo
560 1540 710 1624 perorari
729 1539 878 1620 iubebat3
909 1543 951 1606 ita
980 1556 1014 1607 ut
1042 1546 1122 1609 duae
1148 1547 1250 1610 horae
1272 1568 1368 1609 accu-

7 1716 9 1719 Υ
60 1636 157 1714 satori,
186 1649 253 1702 tres
274 1659 334 1702 reo
356 1639 524 1710 darentur,
555 1645 686 1698 auctore
707 1636 864 1702 Asconio.
921 1635 1004 1701 Hinc
1027 1638 1158 1701 Tacitus
1179 1638 1211 1701 in
1235 1638 1367 1721 dialogo

7 1734 8 1737 ’
59 1731 89 1792 de
106 1730 297 1797 Oratoribus
319 1754 392 1816 cap.
416 1732 470 1795 38.
493 1728 555 1807 ait,
588 1730 776 1811 Pompeium
807 1728 942 1814 primum
974 1730 1179 1795 adsta-luxisse
1209 1742 1240 1796 et
1262 1732 1367 1814 impo-

59 1823 143 1889 rnlssc
163 1827 262 1891 veluti
283 1826 394 1892 frenos
416 1823 628 1908 eloquentiae.
665 1824 716 1888 De
737 1824 797 1887 hac
818 1825 891 1908 lege
907 1822 1056 1907 Pompeii
1073 1821 1191 1889 Cicero
1214 1824 1245 1889 in
1262 1825 1367 1889 Bruto

60 1939 117 2002 cap.
137 1918 210 1985 Ma
243 1918 422 1997 Maxime,
449 1917 551 2001 inqnit
570 1919 630 1997 (de
651 1938 687 1981 se
709 1927 742 1981 et
760 1912 936 1981 Hortensio
960 1919 1098 2002 agens),
1117 1927 1299 2000 perspectu
1320 1924 1369 1981 est
1434 1962 1437 1967 -

60 2012 217 2099 utriusque
239 2021 395 2077 nostrum
416 2013 619 2076 exercitatio
640 2013 766 2092 puello
791 2018 887 2086 unte,
908 2028 989 2074 eum
1018 2011 1094 2094 lege
1116 2010 1276 2090 Pompeia
1297 2017 1367 2072 ter·

59 2104 202 2167 madoris
224 2100 475 2167 addicendum
496 2100 584 2164 dotis
616 2100 666 2165 ud
693 2120 819 2166 causus
847 2101 1041 2164 simillimus
1070 2104 1155 2165 inter
1176 2120 1210 2163 se
1233 2098 1284 2162 vel
1307 2116 1368 2171 pn·

59 2193 260 2259 unicordem
279 2195 362 2255 novi
381 2191 591 2256 veniebamus
612 2192 782 2275 qualidum
817 2204 849 2256 et
869 2192 960 2256 initio
983 2193 1041 2257 lib.
1065 2193 1130 2257 IV.
1153 2193 1192 2256 de
1215 2190 1366 2256 Finibus:

60 2278 108 2345 dire
131 2282 287 2362 dunelm,
317 2304 397 2346 enm
424 2300 491 2364 ego
519 2293 551 2348 tc
579 2285 647 2346 lane
675 2302 764 2346 uovn
785 2284 861 2367 lege
882 2284 1015 2348 videam
1048 2283 1164 2348 endem
1185 2284 1240 2350 die
1259 2301 1369 2348 ueeu·
1486 2300 1489 2306 “

60 2376 152 2437 autom
167 2372 370 2456 respondere
396 2382 430 2437 et
448 2371 554 2435 trelius
570 2374 663 2435 leons
682 2392 862 2453 perorare,
883 2376 918 2436 r‘u
935 2377 1002 2437 huc
1025 2395 1079 2438 rue
1101 2392 1211 2437 consu
1235 2384 1368 2455 tempus

61 2460 231 2527 dicturum
251 2463 383 2546 putus?
423 2460 554 2526 Perlata
582 2463 655 2545 lege
678 2463 825 2546 Pompeii
856 2475 887 2527 et
909 2466 953 2528 L.
977 2462 1123 2529 Domitio
1145 2465 1367 2528 Ahenobarbo

60 2551 222 2638 quaesitore
244 2552 402 2639 suffragio
425 2555 536 2640 populi
557 2568 687 2634 creato,
716 2556 801 2622 Milo
822 2559 863 2622 de
887 2556 918 2621 vi
940 2569 973 2622 et
995 2558 1033 2622 de
1057 2558 1176 2622 ambitu
1198 2559 1291 2623 etde
1313 2574 1368 2636 so,-

60 2645 160 2711 daliciis
180 2649 363 2732 postulatus
386 2663 446 2715 est.
490 2651 696 2716 Aeeusurunt
714 2654 755 2717 de
775 2652 809 2717 vi
825 2653 983 2718 Milonem
1000 2654 1066 2717 lll.
1090 2654 1167 2717 Idus
1188 2654 1275 2734 Ape.
1298 2652 1368 2733 Ap·

59 2738 115 2820 pies
132 2742 251 2821 maior,
288 2740 343 2806 M.
372 2744 532 2809 Antonius
559 2756 592 2808 et
613 2746 656 2810 Ρ.
679 2747 830 2812 Valerius
853 2749 983 2829 Nepos:
1018 2747 1183 2831 respondit
1204 2744 1266 2809 illis
1288 2760 1368 2808 rinus
1487 2760 1490 2771 ·
1527 2792 1534 2803 .

59 2833 102 2898 ld.
121 2834 250 2905 Cicero.
294 2837 451 2919 Quicum
473 2838 626 2923 inciperet
647 2838 771 2916 dicere,
796 2852 950 2926 execptus
972 2853 1020 2906 est
1041 2839 1267 2904 acclamatione
1289 2838 1371 2905 Clu-

59 2926 224 3008 mun,
257 2931 322 3008 ita,
345 2942 381 2996 ut
401 2950 467 2998 non
488 2954 545 3010 ea,
580 2952 643 3018 qua
664 2923 778 2998 solitus
798 2947 884 3013 erat,
919 2933 1097 2999 constantia
1119 2935 1251 3000 diceret.
1304 2932 1369 2996 Sed

60 3024 147 3089 uuis
165 3024 221 3089 tels
243 3045 377 3110 quoque
397 3037 533 3110 excepta
553 3025 633 3103 luit,
657 3036 691 3093 ut
712 3028 873 3092 Asconius
895 3029 1018 3094 scribit.
1068 3028 1220 3093 Meminit
1242 3025 1370 3109 Quinti·

60 3115 143 3182 llrurs
160 3118 220 3184 tin.
244 3120 310 3185 w.
333 3140 407 3204 cap.
429 3121 463 3185 3.
507 3122 587 3184 Eam
610 3138 703 3199 vero,
727 3140 820 3206 qnam
841 3143 902 3187 nos
923 3124 1087 3197 habemns,
1113 3122 1231 3213 Cicero
1253 3133 1367 3205 postea

61 3211 188 3295 scripsit,
209 3234 288 3299 cnm
310 3212 396 3280 Milo
417 3226 501 3279 esset
522 3212 704 3293 Massiliae,
733 3226 798 3299 'qun
820 3218 1045 3281 condemnatus
1067 3215 1097 3279 in
1121 3215 1264 3279 exsilium
1286 3214 1370 3277 intra

61 3306 250 3385 undecimus
279 3307 347 3372 dies
369 3310 535 3392 profectus
557 3318 626 3384 est;
658 3310 817 3374 Asconius
838 3322 871 3375 et
891 3309 957 3375 Dio
981 3310 1037 3373 lilr.
1059 3310 1140 3374 XL.
1163 3310 1217 3374 54.
1259 3308 1369 3374 Aecu-

61 3410 131 3465 arn
148 3402 264 3467 deinde
282 3403 338 3468 M.
361 3403 520 3479 Saufeius,
542 3398 730 3468 defendente
752 3402 909 3470 Cicerone
931 3414 963 3469 et
984 3404 1036 3467 M.
1055 3401 1181 3479 Caelio,
1205 3403 1369 3477 absolutus
1468 3392 1470 3399 ’

62 3502 109 3558 cu.
146 3497 226 3562 dex.
250 3506 356 3561 anum
385 3495 521 3562 Clodius
549 3516 667 3582 magno
695 3518 854 3564 consensu
882 3500 1046 3562 damnatus
1072 3504 1134 3561 est.
1186 3497 1201 3576 (
1209 3492 1370 3561 Asconius

62 3584 110 3655 ll.
126 3586 211 3657 uuir.
235 3612 272 3675 p.
296 3592 374 3672 54.)
416 3590 592 3674 Pompeius
614 3591 646 3654 iu
667 3593 732 3656 hoc
752 3592 920 3658 consulatu
942 3590 1145 3667 Corneliam,
1177 3589 1221 3671 Q.
1244 3587 1369 3651 Metelli

64 3676 201 3764 tdptnsis
221 3686 340 3762 filiam,
364 3707 499 3751 uxorem
522 3684 611 3748 duxit
634 3697 667 3750 et
689 3707 836 3750 socerum
862 3684 923 3750 sibi
944 3685 975 3748 in
998 3684 1140 3769 utrinque
1163 3702 1284 3746 menses
1311 3700 1369 3743 ex·

64 3780 161 3843 Duos
189 3780 349 3865 collegam
371 3779 575 3866 subrogavit.
623 3781 816 3845 Plutarchus
847 3778 1081 3861 in‘Pompeio,
1115 3777 1182 3842 Dio
1202 3776 1261 3841 lib.
1287 3775 1368 3839 XL.

69 3865 121 3948 ll,
150 3874 319 3956 Appianns
349 3874 407 3941 lib.
443 3875 491 3939 11.
544 3876 688 3941 Eundem
721 3873 906 3957 Scipionem
942 3872 1118 3937 censoriam
1154 3878 1367 3955 potestatem,

68 3976 138 4043 th!
164 3965 304 4032 Clodius
328 3967 545 4044 imminuerat,
569 3968 643 4053 lege
668 3969 845 4034 restituisse
867 3968 1073 4034 Dioscrilnit
1092 3967 1170 4031 XL.
1196 3965 1249 4029 57.
1291 3965 1369 4029 Hoc
1459 4028 1466 4041 ,

66 4071 132 4121 ne
155 4056 292 4146 fingitur
320 4060 446 4125 habitus
475 4083 582 4126 sermo
608 4064 648 4126 ‹le
674 4063 791 4129 linibus
820 4067 979 4128 bonorum
1002 4074 1034 4126 ct
1063 4060 1238 4137 malorum,
1274 4074 1369 4143 queem

66 4142 165 4218 Cicero
184 4153 282 4218 libris
303 4156 446 4241 quinque
465 4166 578 4239 poster
600 4157 798 4241 perscripsit.
847 4160 1050 4243 Argrrmcnto
1078 4165 1152 4218 suunt
1175 4154 1272 4217 verba
1294 4151 1368 4230 illa,

66 4261 130 4321 we
148 4249 190 4311 do
208 4248 296 4313 liluo
318 4261 437 4335 quarto
464 4253 561 4316 modo
590 4252 720 4328 adduxi,
752 4263 784 4316 et
809 4251 862 4317 illa
891 4252 949 4317 lib.
975 4251 1025 4342 ll.
1054 4270 1125 4330 cap.
1154 4248 1225 4312 tu:
1254 4245 1299 4312 Ut
1318 4244 1370 4311 M.

66 4333 184 4405 &essm
197 4342 300 4424 fuit,
330 4346 393 4426 qni
409 4352 523 4407 tomen
549 4344 683 4409 solednt
711 4347 765 4409 uti
787 4367 851 4410 suo
872 4346 980 4409 douo:
1010 4353 1049 4408 ut
1067 4339 1168 4405 hodie
1188 4350 1237 4411 est
1254 4347 1370 4404 noster·

65 4420 244 4510 Pmpm‘us,
274 4433 337 4496 coi
353 4441 444 4497 reete
464 4432 624 4514 sncdeutt’
647 4438 766 4518 gretia
792 4442 842 4501 est
867 4430 1033 4500 lubentio.
1085 4430 1244 4495 Extremo
1276 4427 1370 4492 huius

66 4516 125 4581 nni
142 4542 266 4603 mense,
298 4544 372 4588 cum
400 4524 445 4588 Τ.
475 4524 647 4589 Munaeins
676 4525 816 4590 Plancus
837 4526 944 4605 Bursa
962 4524 1149 4608 magistratu
1170 4520 1320 4597 abiisset,
1352 4543 1370 4585 a

67 4604 208 4680 libemus
236 4628 426 4694 accusatur,
451 4638 471 4681 a
493 4615 556 4694 Cn.
577 4616 736 4700 Pompeio
758 4617 922 4695 defensus,
956 4620 1183 4681 condemnatus
1204 4627 1269 4692 est3
1303 4614 1371 4682 Dio

66 4697 112 4767 ffi-
129 4707 207 4774 n..
229 4712 284 4778 55.
305 4722 339 4777 et
359 4708 479 4778 Cicero
501 4733 554 4796 ep.
577 4713 610 4777 2.
633 4711 691 4777 lin.
715 4712 800 4777 VH.
823 4715 862 4776 ad
883 4712 993 4786 Fam„
1023 4732 1115 4798 quam
1137 4712 1202 4776 hoc
1222 4720 1370 4792 tempore

97 4864 124 4926 l)
155 4862 197 4919 dd
220 4865 295 4922 hanc
319 4871 485 4944 peticionem
509 4866 631 4925 refertur
651 4868 849 4938 Interrogasse
874 4865 909 4920 de
933 4883 1000 4921 aere
1024 4867 1117 4920 alieno
1140 4862 1270 4922 Mtlom's.
1309 4867 1370 4922 Cle.
1487 4902 1490 4908 ·

68 4929 189 5009 lusum.
208 4940 261 4997 nd.
279 4960 357 5000 mese
380 4963 407 5025 p.
426 4946 493 5006 456.
