3322 5578
572 364 815 437 HISTORIA.
1126 396 1128 403 a
1317 370 1356 431 bl

73 522 94 576 et
107 518 225 574 nontam
246 530 280 573 se
302 507 483 573 discrimine
505 507 589 572 sedis
612 528 716 595 aequo
738 508 843 572 animo
859 506 987 585 tulerit;
1010 520 1045 573 nt
1059 508 1183 576 Plinius
1202 510 1262 574 lib.
1276 509 1361 575 VII.

72 616 120 687 rip.
138 604 185 667 ld.
205 613 347 667 testatur.
392 603 586 669 Plutarchus
615 624 695 667 uero
725 602 853 678 scribit,
882 592 1009 685 plebem
1040 626 1081 668 ea
1108 606 1185 667 aedc
1207 603 1362 668 Bellonae

67 698 89 760 in
104 699 235 761 theatrum
256 719 420 761 reversam
447 697 571 762 Othoni
601 719 747 782 magnum
779 699 922 780 plausum
954 696 1077 761 dedisse
1100 709 1132 761 et
1153 699 1192 761 de
1216 700 1361 762 ornando

67 795 118 856 rim
143 793 271 880 equestri
300 794 405 858 ordini
434 793 508 857 nibil
537 791 749 859 concessisse.
802 793 926 873 Quarta
957 792 1065 857 oratio
1094 792 1270 857 consularis
1299 812 1361 875 pro

65 886 168 953 Rabirio
188 898 308 964 exstat,
332 888 390 950 sed
410 885 610 968 imperfecta.
655 887 747 951 Unde
771 898 841 951 orta
865 889 944 951 haec
967 909 1059 950 carisa
1081 886 1197 961 fuerit,
1226 885 1361 949 diximus

64 1004 134 1064 snpra
151 984 186 1045 ad
205 1003 318 1045 annum
333 979 520 1056 Dcnln„
545 1002 610 1065 qino
628 980 814 1044 Saturninus
830 982 955 1046 occissis
970 980 1044 1046 init.
1082 982 1157 1047 Hoc
1180 1000 1259 1044 vero
1282 992 1363 1043 tem·

63 1100 123 1160 porc
140 1076 176 1144 C.
196 1077 298 1145 Iulius
313 1075 444 1142 'Caesar
466 1080 510 1140 Τ.
534 1075 712 1140 Labienum
742 1076 951 1153 subornarit,
984 1076 1039 1161 qui
1061 1073 1104 1141 G.
1129 1073 1266 1140 Rabirio
1286 1094 1363 1156 per·

63 1172 194 1239 duellionis
213 1172 296 1236 diem
319 1169 461 1245 diceret3
485 1183 521 1233 nt
542 1172 715 1237 Suetonius
737 1170 768 1235 in
792 1170 889 1235 Caes.
913 1193 986 1254 cap.
1012 1171 1065 1234 19.
1088 1169 1218 1245 scribit,
1242 1179 1276 1230 et
1296 1164 1380 1232 Dio*

62 1265 174 1348 pluribus
199 1265 310 1329 verbis
339 1263 423 1330 libro
447 1266 638 1330 XXXVII.
664 1266 730 1328 26.¹
776 1267 836 1333 Est
866 1277 969 1329 antem
1000 1264 1176 1348 perduellio
1206 1280 1382 1324 sirmnunn.

62 1361 202 1424 inunctas
223 1359 393 1425 maiestatis
415 1360 554 1430 crimen:
586 1361 712 1444 dequo
736 1359 912 1436 duumviri,
937 1382 954 1422 a
978 1361 1099 1443 populo
1123 1356 1250 1435 creati„
1265 1376 1363 1438 qnae·

62 1476 112 1517 rue
128 1452 285 1526 solebaut;
312 1455 401 1536 qnod
422 1465 513 1517 vetus
536 1455 589 1517 lex
611 1456 695 1535 apud
716 1453 846 1517 Livium
871 1454 955 1520 libro
979 1455 1008 1518 1.
1032 1475 1104 1537 cap.
1129 1452 1183 1516 96.
1208 1448 1360 1517 ostendit.

66 1550 145 1633 ltaque
158 1546 197 1613 C.
213 1558 244 1609 et
259 1548 306 1611 L.
326 1547 495 1623 Caesares,
521 1548 680 1612 duumviri
702 1548 732 1613 in
755 1551 816 1613 hac
838 1570 933 1633 causa
954 1548 1071 1624 creati,
1096 1568 1160 1611 non
1184 1568 1200 1608 a
1223 1543 1361 1627 populo,

69 1642 180 1707 sinaris
204 1651 295 1718 erat,
319 1644 375 1705 sed
396 1662 414 1703 a
434 1652 605 1725 praetore,
630 1645 716 1727 quod
740 1665 803 1708 non
826 1644 960 1720 licebat,
985 1642 1152 1708 Rabirium
1172 1640 1363 1704 condemna·

68 1748 127 1811 nrt,
151 1748 183 1800 ut
208 1735 275 1802 Dio
306 1734 438 1799 serinia..
475 1735 517 1801 C.
542 1734 686 1812 Caesar,
718 1752 851 1803 arictore
882 1738 1055 1814 Suetonio,
1089 1746 1178 1799 sorte
1207 1734 1304 1797 iudex
1330 1731 1362 1794 in

63 1849 122 1893 nnn
140 1832 245 1894 doctiss
268 1840 333 1893 tam
356 1829 468 1912 cupide
491 1831 735 1911 condemnarit,
769 1844 803 1895 ut
833 1833 872 1895 ad
894 1831 1048 1914 populum
1071 1824 1363 1912 provocanti-nibil

62 1944 133 2005 arqne
156 1945 191 1988 ac
217 1924 335 1987 iudicis
364 1923 523 1987 acerbitas
551 1925 723 2007 profuerit.
770 1926 902 2008 Populo
925 1918 1106 2009 appellato,
1136 1921 1264 1988 comitia
1284 1938 1362 1983 cen·

62 2017 160 2095 anau,
191 2018 308 2103 quibus
331 2020 370 2081 dc
391 2019 616 2099 perduellione
638 2019 771 2083 indicari
792 2021 936 2096 solebat,
968 2017 1000 2082 in
1024 2040 1137 2102 campo
1160 2019 1285 2085 Martio
1305 2018 1363 2081 ha·

61 2110 105 2173 bita
122 2124 202 2188 saint,
226 2113 284 2177 nbi
305 2112 419 2177 consul
442 2112 561 2179 Cicero
587 2113 628 2179 C.
652 2114 822 2179 Rabirium
845 2114 1004 2192 defendit,
1038 2126 1101 2177 tum
1126 2119 1213 2199 quod
1235 2126 1362 2180 senatus

59 2203 162 2287 inperio
181 2207 360 2291 paruisset,
383 2219 450 2269 tum
473 2211 561 2293 quod
582 2209 676 2273 iidem
699 2208 859 2290 publicam
882 2231 945 2273 non
969 2209 1141 2285 violasset,
1167 2231 1261 2296 qnam
1285 2208 1360 2272 Ma·

58 2298 104 2362 rins
120 2301 177 2364 sine
197 2304 233 2366 S.
259 2301 304 2367 C.
327 2304 402 2365 darc
425 2323 489 2385 non
512 2303 682 2384 potuisset.
727 2303 778 2367 De
800 2304 861 2365 hnc
883 2324 977 2366 carisa
1000 2302 1031 2366 in
1056 2304 1206 2367 Pisonem
1233 2325 1306 2386 cap.
1330 2303 1362 2368 9.

57 2393 114 2458 baec
135 2394 228 2460 dixit:
272 2398 353 2479 Ego
380 2395 417 2458 in
444 2395 483 2461 0.
514 2396 659 2461 Rabirio
683 2397 929 2479 perduellionis
958 2417 1019 2460 reo
1046 2398 1123 2460 XL.
1153 2396 1255 2458 annis
1281 2407 1362 2481 ante

57 2509 93 2549 ne
109 2493 271 2555 eonsrtlem
294 2489 537 2572 interpositam
558 2501 699 2554 senatus
720 2491 964 2554 auctoritatem
990 2488 1142 2554 sustinui
1161 2499 1287 2552 cantra
1308 2487 1362 2552 in-

59 2580 153 2646 ridiarn
170 2594 276 2669 atque
298 2572 456 2674 defendi.
501 2583 553 2649 De
576 2587 684 2649 eadem
707 2585 738 2649 in
763 2584 904 2650 Oratore
927 2606 1000 2666 cap.
1025 2585 1079 2649 29.
1102 2586 1164 2648 Ius
1185 2604 1285 2647 omne
1306 2605 1362 2645 re-

57 2673 181 2759 tinendae
202 2678 398 2743 maiestatis
419 2678 557 2743 Rabirii
577 2701 685 2743 cansa
698 2679 954 2745 continebatur:
974 2700 1062 2762 ergo
1077 2678 1113 2741 in
1126 2677 1223 2743 omni
1235 2694 1361 2760 genere

56 2769 309 2851 amplificationis
330 2772 542 2837 eaurnmns.
589 2773 710 2854 Quinta
741 2773 847 2837 oratio
878 2771 1055 2837 consarlaris
1076 2771 1138 2839 ierit
1160 2773 1199 2834 de
1220 2769 1363 2854 proscri-

15 2940 16 2947 .
56 2872 154 2939 parona
172 2866 297 2933 liberis.
342 2867 387 2930 Hi
410 2880 501 2942 sunt,
535 2888 617 2951 quos
635 2868 832 2933 xPlutarchus
862 2868 894 2931 in
917 2867 991 2932 Cic.
1015 2888 1045 2931 c.
1068 2866 1261 2933 laeseritis
1287 2867 1361 2950 lnge
1473 2880 1477 2897 ¹

56 2950 174 3023 cunda
198 2960 382 3026 honoribus
411 2964 579 3039 exclusos,
614 2984 685 3026 cum
716 2984 820 3047 neque
848 2961 964 3027 infirmi
991 2982 1095 3045 neque
1124 2961 1218 3043 pauci
1240 2970 1362 3034 essent,

58 3052 180 3130 nundum
195 3054 405 3120 concitasset*
420 3077 458 3119 ac
472 3055 554 3119 iuste
570 3058 696 3142 quidem
712 3058 821 3122 Sullae
836 3056 1033 3136 tyrannidem
1048 3073 1225 3132 scursassc,
1251 3075 1363 3117 verum

56 3142 133 3245 aliero
145 3158 291 3232 ternpore
307 3142 550 3233 rempublicam
565 3153 784 3232 perturbasse.
810 3149 961 3215 Dictator
976 3149 1059 3214 enirn
1075 3150 1162 3213 Sulla
1177 3166 1243 3214 nan
1257 3149 1362 3212 solum

54 3238 166 3306 ultrices
186 3265 263 3309 suos
287 3243 502 3326 proscripsit;
533 3248 590 3309 sed
611 3267 723 3310 eorum
743 3244 837 3308 etiarn
860 3243 944 3308 lilios
966 3245 1175 3327 petendorum
1198 3244 1361 3311 honorum

53 3326 270 3420 instigetur
294 3336 453 3420 privavit:
486 3351 634 3403 auctores
656 3350 730 3402 sunt
752 3338 946 3404 Plutarchus
968 3337 999 3399 in
1023 3338 1133 3415 Sulla,
1169 3337 1361 3401 Paterculus

53 3420 93 3484 lib·
110 3427 149 3494 Il.
170 3452 242 3515 cap.
267 3430 322 3494 98.
347 3442 379 3495 et
401 3431 578 3512 Dionysius
600 3434 864 3497 Halicarnasseus
887 3432 944 3495 lib.
964 3432 1088 3508 V111.,
1113 3429 1170 3517 qui
1191 3429 1280 3493 addit
1299 3430 1361 3494 illis

53 3517 120 3583 ιιιίιι
139 3523 255 3588 aditum
280 3523 475 3588 incenatum
499 3529 698 3609 obstructum
720 3528 832 3592 lauisse.
876 3528 991 3612 Itaque
1014 3530 1198 3611 petentibus
1217 3525 1299 3602 illis,
1327 3537 1363 3590 ut

54 3609 107 3695 lege
131 3613 282 3681 Cornelia
312 3618 471 3704 abrogata
500 3622 767 3704 capessendorum
795 3623 955 3686 bonorum
985 3634 1129 3704 potestas
1158 3620 1361 3696 sibi'lleret3

54 3700 144 3773 Cicero
163 3712 280 3776 consul
300 3711 438 3777 restitit:
470 3734 531 3801 qua
554 3715 650 3777 dere
673 3715 887 3797 Quintilianus
916 3716 976 3779 lib.
1000 3717 1064 3781 XI.
1096 3738 1166 3800 cap.
1189 3720 1221 3779 l.
1253 3723 1286 3794 §.
1309 3716 1361 3782 db.

54 3806 77 3857 tl
91 3798 194 3869 Cicero
216 3805 249 3869 in
265 3806 419 3871 Pisonem
441 3828 513 3892 cap.
529 3808 561 3874 9.
597 3811 679 3894 ligo
699 3812 932 3875 adolescentes
953 3811 1060 3875 bonos
1080 3812 1116 3875 'et
1126 3809 1275 3902 fortes,
1300 3808 1364 3873 sed

53 3908 114 3956 caca
130 3918 168 3961 ea
184 3899 382 3965 conditione
384 3899 579 3992 fortunae,
595 3915 645 3982 ut,
662 3904 695 3968 si
707 3918 822 3969 essent
836 3906 1066 3991 magistratus
1080 3907 1208 3993 adepti,
1231 3906 1286 3971 rei
1295 3924 1362 3989 par-

55 3982 477 4063 timnmnmaonuusmt
487 3997 698 4075 raderentur,
710 3999 793 4063 meis
804 3999 1007 4076 inimicitiis,
1018 3998 1363 4067 nullasenatusmala

53 4082 162 4162 grafia,
183 4088 409 4153 comitiorum
429 4090 566 4156 ratione
583 4091 732 4175 privavi.
776 4094 864 4157 Hinc
885 4095 1008 4160 Plinius
1030 4096 1086 4162 lib.
1105 4096 1187 4163 Vll.
1210 4114 1281 4179 cap.
1305 4095 1360 4158 30.

54 4169 215 4243 Ciceronem
238 4184 424 4266 appellans,
459 4188 509 4249 Te
531 4198 672 4261 orante,
706 4186 823 4271 inquit,
851 4190 1131 4274 proscriptorum
1151 4191 1279 4255 liberos
1300 4190 1362 4253 ho-

54 4283 131 4334 tures
152 4288 269 4358 petere
297 4279 437 4363 puduit.
490 4280 621 4344 Sextum
652 4280 831 4346 orationem
860 4285 1060 4349 consularem
1086 4285 1139 4348 M.
1164 4283 1291 4348 Tollius
1322 4285 1362 4348 ad

58 4360 173 4432 bilicum
195 4384 357 4449 numerat,
380 4395 473 4461 quam
494 4373 626 4450 babuit,
652 4397 723 4439 cnm
745 4376 942 4460 provinciam
966 4378 1175 4443 inconcione
1198 4376 1361 4462 deposuit.

59 4450 218 4528 Ριοιίιιιὶιι
241 4479 369 4531 senatus
391 4468 575 4533 consulibus
595 4469 667 4555 lege
682 4470 870 4554 Sempronia
887 4474 1076 4536 decreverat
1087 4472 1315 4539 Macedoniani
1330 4484 1362 4536 et

58 4546 163 4618 Galliam
177 4559 372 4643 cisalpinam.
405 4563 650 4639 Macedoniam,
675 4575 708 4628 ut
722 4565 788 4631 Dio
803 4566 914 4630 scribit
928 4567 1116 4632 XXXVII.
1133 4567 1200 4644 33,
1226 4567 1359 4642 Cicero,
1434 4659 1436 4663 Ι

81 4711 104 4775 tl
126 4711 164 4765 lle
183 4714 282 4769 indicii
303 4715 445 4771 Rabiriani
465 4735 566 4791 genere
597 4715 650 4774 cis.
669 4717 856 4783 Niebubrium
875 4723 981 4794 dragus.
1006 4722 1069 4777 Cic.
1087 4719 1139 4779 Ed.
1159 4724 1239 4777 Ram.
1266 4741 1294 4796 p.
1315 4725 1362 4782 69.
1414 4764 1417 4771 «

57 4778 114 4841 ‚tn
135 4804 271 4861 nunqnam
297 4789 498 4866 perduellionis
524 4791 659 4848 iudicium
681 4797 711 4847 ln
731 4792 876 4850 Rabirium
896 4811 912 4849 s
930 4794 1034 4870 populo
1053 4795 1182 4852 habitum
1201 4816 1279 4863 esre,
1304 4813 1362 4865 aar,

56 4854 258 4924 ⁸1ttislecrillins
279 4867 434 4943 periculum
454 4868 558 4922 caliido
578 4872 614 4941 Q.
635 4870 746 4926 Metelli
772 4870 892 4925 consilio
911 4868 1057 4945 depulsum
1076 4870 1176 4940 luerit,
1202 4875 1237 4928 T.
1256 4870 1362 4926 Labie-

15 4974 17 4989 .
56 4942 107 4985 Μ
121 4936 205 4996 simin
223 4960 271 4999 ren
290 4944 409 5001 ιιιιΙιιιιι
429 4948 582 5019 irrogasse,
607 4964 639 5000 ex
659 4950 719 5022 ipsa
738 4952 865 5003 oratione
883 4953 1030 5026 perspicue
1050 4949 1243 5023 intelligitur.”
