3348 5584
310 378 353 445 9⁰
715 375 767 444 M.
790 375 953 445 TULLII
976 373 1229 445 CICERONIS

183 564 186 569 -
305 521 339 584 vi
374 517 543 606 Ligarium
578 516 710 585 crimine
745 519 906 584 liberavit.
951 520 1001 584 lta
1027 540 1086 586 ans
1115 521 1221 588 locum
1254 521 1421 589 Plutarchi
1453 543 1485 589 c.
1513 524 1565 592 dl.
1590 531 1621 593 de

305 618 366 683 bae
394 637 489 681 causa
518 635 535 677 a
562 615 657 680 nobis
685 634 876 679 conversum
906 613 938 679 ia
966 614 1030 680 line
1060 614 1289 682 Commentarii
1319 616 1488 703 Ligu-iani
1515 623 1552 684 ad
1577 643 1621 686 nr·

306 706 412 777 natis's.
442 708 545 774 uirum
568 710 771 775 Gerbardum
795 709 1006 775 iuliacenscm
1032 708 1093 773 iant
1124 712 1239 774 dudaua
1262 711 1428 776 edidimus.
1474 711 1621 781 Confecto

304 804 393 868 laelio
427 802 584 868 Africano
618 804 662 867 T.
691 802 841 884 Quintius
871 804 1010 888 Scapula
1038 826 1157 869 norunt
1188 805 1219 870 in
1248 806 1404 889 Hispania
1441 810 1621 888 commorit,

304 898 395 963 ouius
418 895 558 963 meminit
580 894 700 963 Cicero
724 918 776 979 cp.
795 899 847 962 13.
871 899 929 963 lib.
945 900 1011 964 IX.
1035 902 1077 963 ad
1098 898 1212 964 Famil.
1250 902 1304 965 Tu
1324 900 1396 986 lege
1417 900 1555 966 Dionem
1574 905 1622 970 iii.

305 993 439 1059 XLIII.
453 992 536 1068 ei..
560 991 613 1057 ubi
637 991 701 1058 Cn.
725 992 914 1076 Pompeium
937 995 1052 1081 Magni
1075 994 1174 1058 filiurn
1191 994 1366 1077 Hispaniae
1387 1006 1496 1077 partes
1517 997 1623 1082 pleras-

306 1109 368 1172 que
389 1086 423 1149 in
444 1108 532 1153 suam
555 1087 712 1153 dicionem
734 1088 898 1174 redegisse
914 1089 1023 1153 tradit.
1063 1088 1185 1155 Cacsar
1202 1089 1303 1176 igitur
1316 1100 1464 1155 extremo
1478 1091 1622 1158 boeauao

306 1184 348 1246 ad
367 1181 485 1245 belluna
508 1181 722 1266 Hispaniense
751 1185 920 1267 proiectus
941 1184 1096 1250 XXVII.
1119 1183 1231 1249 diebus
1257 1183 1291 1248 in
1313 1182 1502 1267 Hispaniam
1522 1207 1623 1270 perte-

306 1275 372 1351 uit,
394 1285 430 1338 ut
451 1275 619 1360 Appianas
640 1277 725 1342 libro
749 1279 798 1344 11.
823 1279 946 1343 scribit.
990 1279 1066 1344 Hoc
1088 1300 1171 1344 anno
1194 1280 1245 1347 M.
1269 1280 1395 1344 Tullius
1422 1301 1493 1343 ctam
1516 1284 1621 1347 Teren·

305 1368 349 1433 tia
371 1390 476 1434 uxore
498 1371 673 1437 diuortitam
692 1372 809 1437 iectu:
833 1395 916 1459 quae
930 1373 1032 1439 Vibio
1048 1375 1138 1440 Ruln
1161 1373 1273 1441 deiude
1293 1384 1388 1458 nupta
1406 1372 1486 1452 fuit,
1509 1386 1622 1438 aautcre

304 1464 413 1529 Dioae
434 1465 493 1529 lib.
510 1466 628 1530 LVII.
652 1478 746 1550 atque
769 1468 895 1532 tertium
917 1479 950 1531 et
972 1468 1175 1533 centesimum
1198 1469 1344 1554 explevit
1358 1489 1491 1547 anniam,
1512 1468 1621 1533 utscri·

305 1556 353 1622 bit
376 1557 453 1627 vai.
474 1560 570 1624 Max.
593 1560 652 1626 lib.
675 1561 779 1626 VIII.
804 1583 875 1646 cap.
899 1564 956 1628 13.

583 1799 686 1862 Auno
708 1798 810 1863 Urbis
831 1801 1038 1871 Dcch.
1053 1797 1228 1865 Ciceronis
1249 1800 1365 1866 LXII.

693 1914 736 1989 C.
764 1914 935 1992 IULIUS
963 1914 1159 1994 CAESAR
1186 1915 1257 1989 111.

838 2043 989 2108 dictator
998 2042 1108 2136 fnit,
1211 2100 1213 2107 ,

693 2200 743 2274 Μ.
773 2197 1003 2276 AIMILIUS
1033 2197 1252 2276 LEPIDUS

618 2332 623 2339 '
786 2326 790 2339 '
868 2349 963 2413 mag.
986 2327 1092 2415 equit.

852 2480 985 2545 Eodem
1010 2501 1102 2545 anuo

698 2596 740 2671 G.
769 2594 940 2673 IULIUS
967 2595 1165 2673 CAESAR
1193 2598 1258 2673 IV.

764 2748 837 2790 coe.
859 2726 933 2789 siue
953 2727 1086 2810 collega
1095 2723 1195 2817 fuit.

395 2877 486 2941 Haec
507 2895 548 2941 ex
573 2872 764 2959 Capitolinis
786 2874 943 2958 lapidibus
966 2886 1053 2941 recte
1076 2898 1094 2941 a
1116 2875 1196 2942 viris
1217 2876 1321 2943 doctis
1342 2880 1540 2961 probantur:
1561 2871 1617 2937 ride

310 2971 427 3036 Festos
457 2969 582 3057 sigonii
609 2981 641 3034 et
672 2970 845 3055 Onupbrii.
891 2970 1011 3036 Cicero
1035 2971 1184 3036 Terentia
1212 2971 1341 3037 dimissa
1370 2972 1528 3059 uirginem
1554 2987 1618 3031 nan·

309 3087 377 3130 rent
405 3062 516 3129 dttxit:
550 3075 586 3128 ut
614 3065 741 3149 quidem
772 3064 922 3130 Terentia
953 3065 1133 3145 dictitabat,
1163 3068 1287 3133 formae
1316 3069 1441 3155 gratia3
1474 3079 1508 3133 ut
1535 3074 1617 3128 actea

311 3159 394 3226 'siro
417 3150 585 3226 Ciceronis
606 3158 743 3225 libertus
763 3159 908 3241 scripsit,
932 3161 1051 3227 divitiis
1074 3164 1141 3227 eius
1164 3165 1339 3239 addractns,
1375 3175 1409 3227 ut
1432 3183 1484 3226 aes
1506 3159 1618 3224 alienun

310 3254 515 3319 dissolveret.
553 3256 634 3318 Erat
656 3254 738 3319 enim
760 3255 864 3338 puella
886 3255 976 3321 diues
998 3267 1030 3320 et
1052 3259 1137 3321 bona
1159 3257 1228 3321 eius
1244 3256 1362 3323 Cicero
1384 3251 1619 3320 fideicommissa·

309 3347 379 3413 ritas
405 3350 499 3412 heres
527 3349 657 3415 relictus
687 3349 901 3416 custodiebat.
953 3352 1062 3434 Quare
1090 3372 1159 3414 cum
1190 3372 1397 3436 permaguum
1425 3372 1480 3416 aes
1506 3346 1617 3411 alienuu

310 3443 460 3520 baberet,
485 3443 659 3509 amicorum
681 3455 713 3508 et
731 3444 931 3511 familiarium
945 3445 1082 3528 impulsu
1102 3446 1236 3528 puellam
1257 3466 1393 3510 atrorem
1413 3456 1539 3531 praeter
1554 3447 1620 3502 aete

265 3552 269 3564 ’
310 3548 373 3603 tem
400 3537 508 3613 duxit,
541 3548 576 3601 ut
603 3537 690 3602 illius
719 3536 923 3603 lacatltatibus
952 3537 1165 3603 creditoribus
1191 3536 1403 3605 satisfaceret.
1447 3541 1538 3605 Haec
1556 3530 1618 3625 Plu·

309 3632 440 3697 tarcbus
454 3654 484 3695 c.
501 3632 576 3708 it„
599 3633 774 3718 aliquidem
791 3653 850 3697 uos
864 3633 1101 3709 convertimus,
1126 3631 1195 3696 aliis
1210 3631 1438 3716 interpretibus
1457 3629 1533 3695 nibil
1544 3642 1619 3721 piat*

310 3726 500 3803 iudicantes,
531 3727 808 3814 equibus'verba
828 3727 881 3790 illa
904 3724 1089 3803 Plutarchi,
1121 3731 1176 3791 καὶ
1201 3723 1259 3806 τὴν
1279 3721 1396 3792 οὐσίαν
1418 3721 1518 3804 αὐτῆς
1536 3719 1618 3784 Kese·

310 3844 376 3907 pur
397 3820 557 3888 e'u‘uiotee
579 3812 784 3911 κληρονόμος
805 3817 1028 3910 ἀπολειφθεὶς
1044 3814 1274 3911 διεφύλαττον,
1298 3842 1379 3904 quae
1395 3840 1455 3885 nos
1471 3812 1615 3881 vertimaa

310 3918 358 3981 Et
385 3915 476 3983 toea
502 3914 577 3980 eius
605 3917 728 3981 Cicero
746 3913 1102 3994 fideicommissarius
1129 3917 1229 3978 ireres
1253 3914 1394 3991 relictus
1415 3903 1615 3977 custodiebat

311 4010 474 4081 Bacchius
488 4008 534 4073 sic
548 4007 725 4091 expressit,
748 4000 795 4075 Et
817 4010 892 4075 eius
909 4008 1121 4075 substantias
1141 4010 1205 4074 sub
1225 4009 1354 4073 statoris
1364 4008 1447 4087 fide
1464 3998 1616 4071 servabssli

178 4178 181 4195 ,
221 4114 224 4123 ’
298 4104 479 4184 Xiifflissf
507 4115 636 4181 witi,
664 4104 818 4188 Eiusque
843 4105 934 4167 botta
953 4103 1048 4180 fidei
1076 4125 1160 4168 sune
1187 4105 1372 4169 commissa
1393 4104 1511 4171 Cicero
1536 4096 1616 4158 bessi

310 4198 355 4262 ab
374 4218 417 4262 ea
436 4196 589 4283 scriptus
609 4198 786 4270 servabatt
812 4195 998 4275 Corradus,
1033 4201 1082 4265 Ee
1106 4198 1182 4263 eius
1194 4196 1396 4290 facultates
1417 4197 1534 4264 Cicero
1550 4199 1617 4250 affl

350 4360 380 4421 1)
400 4352 580 4409 simultatum
595 4359 669 4409 inter
685 4354 850 4407 Ciceronem
871 4368 898 4407 et
911 4352 1071 4409 Terentiam
1092 4367 1218 4425 tempore
1239 4357 1299 4426 ipso
1320 4352 1463 4405 Ciceronis
1483 4343 1553 4399 exilii
1569 4350 1618 4389 ew·

313 4446 357 4485 aas
381 4428 487 4502 aliquas
511 4434 649 4484 exstitisse
677 4427 852 4486 crediderim.
891 4428 963 4482 Nam
982 4428 1120 4501 singulare
1141 4445 1198 4493 est,
1225 4425 1317 4500 qnod,
1345 4440 1410 4482 cuni
1435 4438 1496 4500 post
1519 4413 1617 4471 reditum

314 4506 366 4582 (ad
393 4510 480 4562 Attio.
502 4507 547 4561 lii.
569 4511 612 4574 a.)
639 4521 839 4560 commemorat
867 4506 983 4569 Cicero,
1012 4508 1060 4575 qut
1086 4520 1219 4557 occursus
1242 4501 1387 4560 Brundisii
1408 4496 1539 4557 Tulliolae
1557 4498 1617 4541 icae.

313 4597 381 4655 qnae
399 4581 503 4635 Romae
522 4582 721 4654 gratulpttones
742 4580 919 4653 laetitiaeque
939 4585 1066 4634 omnium
1086 4577 1205 4645 luerint,
1231 4578 1338 4633 nullm
1363 4595 1455 4633 umen
1476 4569 1575 4627 uerbum

313 4658 445 4712 Terentia
464 4661 583 4731 coniuge
603 4663 657 4722 sit,
684 4674 780 4725 postea
800 4662 901 4723 etiam,
928 4673 991 4710 cum
1011 4657 1045 4708 de
1063 4660 1171 4710 ruitaria
1192 4659 1249 4708 suis
1269 4671 1297 4708 et
1318 4672 1403 4730 prope
1423 4648 1531 4728 perditis
1551 4634 1616 4711 rebat

314 4748 471 4800 narrasset,
495 4742 606 4800 cetera,
626 4737 717 4806 inquit
738 4731 829 4800 (ibid.
849 4751 891 4806 ep.
912 4729 959 4805 2.)
979 4748 1049 4803 quae
1068 4750 1111 4784 me
1129 4732 1303 4796 sollicitant,
1328 4712 1615 4811 praesumtiosum·

313 4812 453 4863 Amemur
470 4806 598 4879 esratre
616 4818 646 4862 et
663 4807 775 4883 afilia.
808 4806 944 4863 Tunstall.
965 4807 1019 4880 Ep.
1039 4826 1066 4881 p.
1089 4814 1152 4867 180.
1185 4795 1614 4879 Hieronymusads.lcrinunn¹¹

314 4887 338 4945 Ι·
357 4884 392 4939 '1'-
411 4886 460 4940 lv.
480 4885 547 4939 ΡΜ·
567 4886 603 4939 ¹1·
642 4885 715 4962 opp.
734 4884 786 4948 tid.
806 4885 962 4965 uertente.
981 4901 1030 4966 per
1050 4898 1190 4958 errarent,
1213 4899 1244 4945 tt
1264 4879 1391 4952 videtur,
1415 4874 1561 4944 Terentiam
1577 4863 1614 4918 5⁸·

313 4963 400 5027 lustin
419 4965 546 5045 capatus
568 4957 662 5025 tradit.
